3781 6031
145 2156 956 351 Le present juogement a comment

75 2196 1006 447 à recevoir son exécution le onze

125 2286 971 453 Javier 1916 pour compter du 13

115 2568 422 276 décembre 1915

90 3327 543 155 Erécution du jugement

100 3352 548 206 suspendue par décision de

120 3422 553 211 M^. le Gééral Cos^t l'Armée

110 3508 523 196 endate du 20 Février 191

216 3618 266 181 Le Greffier

251 3638 402 342 +

536.0 150.0 2896.0 131.0 Enjoint au Commissaire du Gouvernement de faire donner immédiatement en sa présence lecture du présent jugement au

489.0 318.0 3077.0 137.0 de avertir que la loi accorde un délai de trois jours francs pour se pourvoir en cassation (1), ou de vingt-quatre heurs

553.0 268.0 1518.0 97.0 condamné devant la garde rassemblée sous les armes,

479.0 422.0 724.0 107.0 pour se pourvoir en revision (2)

519.0 556.0 2645.0 120.0 FAIT, clos et jugé sans désemparer, en séance publique, à Châlonss/ marne) les jour, mois et an que dessus.

512.0 713.0 3087.0 104.0 En conséquence, LE PRÉSIDENT DE LA REPUBLIQUE MANDE et ORDONNE a tous huissiers sur ce requis de mettre ledit jugement à

459.0 797.0 3140.0 100.0 exécution; aux Procureurs généraux et aux Procureurs de la République près les tribunaux de première instance d'y tenir la

462.0 874.0 2812.0 134.0 main; à tous commandants et officiers de la force publique de prêter main-forte lorsqu'ils en seront légalement requis.

532.0 995.0 2196.0 137.0 En foi de quoi le présent jugement a été signé par les Membres du Conseil et par le Greffier.

506.0 1765.0 2912.0 118.0 L'an mil neuf cent seize le onze Janviere- le présent jugement a été lu par nous, Greffier soussigné, au soldat

512.0 1846.0 3094.0 104.0 Malleron, sus-qualifié, - averti par le Commissaire du Gouvernement que l'article 44 de la loi du 17 avril

465.0 1929.0 2816.0 91.0 1906 accorde trois jours poursse pourvoir en cassation (1), ou que les articles 141 et 143 du Code de justice militaire.

455.0 1996.0 3151.0 124.0 accordent vingt-quatre heures pour se pourvoir en revision (2), lesquels commencent à courir de l'expiration du présent jour. Cette

437 2548 357 246 Le Greffier

1726.0 2703.0 620.0 114.0 EXÉCUTOIRE

537 2693 418 221 +

506.0 2931.0 1937.0 211.0 Vu la procédure instruite contre le sodat Malleron dulonsí

452.0 3119.0 929.0 117.0 et les frais d'icelle dont le détail suit:

710.0 3229.0 2276.0 111.0 1^o Coût du transport des pièces et objets pouvant servie à conviction ou à décharge.................. ......

687.0 3313.0 2306.0 84.0 2^o Honoraires des officiers de santé, médecins, chirurgiens civils, sages-femmes, experts, interprètes, traducteurs et

760.0 3370.0 2226.0 97.0 autres, appelés en justice.................................................................

683.0 3444.0 2296.0 87.0 3^o Indemnités accordées aux témoins civils et militaires..............................................

700.0 3501.0 2286.0 87.0 4^o Frais de garde de scellés et ceux de mise en fourrière.............................................

700.0 3561.0 2279.0 87.0 5^o Indemnités de route, de transport et de séjour, accordées aux membres des tribunaux militaires pour les dépla-

794.0 3628.0 2195.0 84.0 cements auxquels l'instruction des procédures peut donner lieu, ainsi que toutes autres dépenses nécessitées

791.0 3695.0 2195.0 87.0 de ce chef..............................................................................

677.0 3749.0 2316.0 100.0 6^o Port des lettres et paquets pour l'instruction, sauf le port des lettres résultant de l'application de la loi du

791.0 3819.0 2192.0 87.0 15 juin 1899...........................................................................

710.0 3873.0 2269.0 104.0 7^o Frais l'impression des arrêts, jugements et ordonnances de justice, quand il y a lieu...................

703.0 3953.0 2280.0 84.0 8^o Prime de capture des contumax, des déserteurs et des insoumis......................................

697.0 4013.0 2484.0 88.0 9^o Frais résultant de l'obtention des extraits du casier judiciaire... 0.25

680.0 4070.0 2303.0 94.0 10^o Prix du bulletin n^o 1 et du duplicata dudit (décret du 12 décembre 1899, art. 13).....................

677.0 4137.0 2319.0 94.0 11^o Coût des bulletins n^o 1 et du duplicata de ces bulletins établis par les greffiers des conseils de guerre au sujet

817.0 4201.0 2364.0 97.0 des condamnations prononcées par ces conseils (décret du 12 décembre 1899, art. 13)................. 0.55

677.0 4268.0 2493.0 94.0 12^o Frais de procédure ou coût du jugement........................................................ 12^f 00

680.0 4328.0 2306.0 88.0 13^o Amende..................................................................................

677.0 4395.0 2309.0 84.0 14^o Décimes additionnels (en France).............................................................

680.0 4459.0 2306.0 91.0 15^o Frais fixes de procédure devant la Cour de cassation ou le Conseil de revision...........................

673.0 4523.0 2303.0 100.0 16^o Frais fixes de procédure devant le Conseil de guerre jugeant en 2^e instance.............................

1511.0 4640.0 1659.0 134.0 TOTAL..................................................... 12.80

512.0 4797.0 3091.0 128.0 Vu le dispositif du jugement définitif, l'article 139 du Code de justice militaire, le Président du Conseil de guerre

472.0 4905.0 3074.0 97.0 permanent de la du Quartier Général liquide les frais dont l'état est ci-dessus à la somme de douze francs quatre vingt

486.0 4985.0 710.0 91.0 centimes

1548.0 4975.0 2062.0 94.0 du montant de laquelle il délivre le présent exécutoire, pour le recouvrement de

462.0 5049.0 3044.0 90.0 ladite somme être poursuivi sur les biens présents et a venir du condamné, par les percepteurs des Contributions directes.

512.0 5136.0 3094.0 87.0 En conséquence, LE PRÉSIDENT DE LA RÉPUBLIQUE MANDE ET ORDONNE a tous huissiers sur ce requis de mettre ledit jugement à

462.0 5210.0 3144.0 90.0 exécution; aux Procureurs généraux et aux Procureurs de la République près les tribunaux de première instance d'y tenir la

465.0 5280.0 2816.0 100.0 main; à tous commandants et officiers de la force publique de prêter main-forte lorsqu'ils en seront légalement requis.

512.0 5354.0 2508.0 120.0 Fait en la Chambre du Conseil de guerre susdit, à Châlons sur-Marne, le 11 Janvier 1916

519.0 5652.0 805.0 74.0 (1) En France, en Algérie et en Tunisie.

532.0 5712.0 621.0 104.0 (2) Aux colonies et aux armées.

351.0 1182.0 406.0 295.0 +

1840.0 1115.0 630.0 369.0 +

809 1135 442 337 +

2544.0 1293.0 455.0 308.0 G

1018.0 1289.0 621.0 339.0 +

2869.0 1393.0 459.0 245.0 +

462.0 2087.0 1498.0 100.0 lecture faite en présence de la garde Tassembne sous les armés.

1132.0 2177.0 828.0 134.0 Le Commissaire du Gouvernement,

2711.0 2157.0 258.0 141.0 Le Greffier,

1417.0 2342.0 299.0 170.0 +

2688.0 2338.0 419.0 278.0 M

2490.0 5511.0 302.0 87.0 Le Président,

2348 5558 643 367 +
