3820 6062
421.0 299.0 2950.0 209.0 Le 2^e canomier- servant réserviste Roumat, Clovis, Jean, du 82^e Régiment d'Artillerie Courde

242.0 471.0 3103.0 192.0 est-il coupable d'avoir, le 21 Décembre 1915 à Prignicourt (Marne) volé un manteau appartenant à

242.0 619.0 2415.0 189.0 l'Etat et confié pour le service au brigadier Catus, du même régiment?

276.0 1283.0 3038.0 188.0 Les voix recueillies séparément, conformément à l'article 131 du Code de justice militaire, en commençant par le grade inférieur

222.0 1377.0 2034.0 131.0 le Président ayant émis son opinion le dernier, le Conseil de guerre permanent déclare

330.0 1599.0 2593.0 185.0 A la majocité de quatre voix contre une, non, l'accusé n'est pas coupable;

259.0 2569.0 3065.0 148.0 Sur quoi, et attendu les conclusions prises par le Commissaire du Gouvernement dans ses réquisitions, le Président a lu le texte

208.0 2653.0 3110.0 148.0 de la loi, recueilli de nouveau les voix dans la forme prescrite par les articles 131 et 134 du Code de justice militaire pour l'appli-

208.0 2727.0 489.0 105.0 cation de la peine.

266.0 2791.0 2610.0 128.0 Le Conseil est rentré en séance publique, le Président a lu les motifs qui précèdent et le espositif ci-dessous

259.0 2876.0 3011.0 161.0 En conséquence, le Conseil (1) acquitté, le 2^e canonnier servant Roumat, susqualifié

205.0 3000.0 3065.0 179.0 de la prévention dirigée contre lui et le Président ordonne qu'il soit mis en liberté, s'il nest retenu

202.0 3162.0 2519.0 172.0 pour autre cause, par application de l'article 136 du Code de Justice Militaire;

336.0 3303.0 2675.0 175.0 L'article sus visé dont le Président a donné publiquement lecture est ainsi conçu: -

360.0 3451.0 2988.0 169.0 Article 136 du Code de Justice Militaire.- «... Si l'accusé n'est pas reconnu coupable, le cnseil

232.0 3610.0 3045.0 158.0 « prononce son acquittement, et le président ordonne qu'il soit mis en liberté s'il n'est retenu

222.0 3798.0 808.0 125.0 « pour autre cause. 27

242.0 5593.0 3035.0 138.0 (1) Avoir soin de spécifier, s'il y a lieu, après t'indication de la peine infligée, la décision motivée du Conseil relative à ma non-imputation pour tout ou

195.0 5688.0 1388.0 97.0 partie de la détention préventive sur la durée de la peine prononcée.
