3781 6031
187.0 2110.0 687.0 309.0 Execution du jugement

110 2191 825 342 suspendue par décison de

130 2236 935 397 M. de Général Comt l'armée eu

573.0 93.0 2906.0 134.0 Enjoint au Commissaire du Gouvernement de faire donner immédiatement en sa présence lecture du présent jugement au

589.0 201.0 1526.0 103.0 condamné devant la garde rassemblée sous les armes,

512 241 624 125 de avertir que la loi

1282 266 2368 141 accorde un délai de trois jours francs pour se pourvoir en cassation (1), ou de vingt-quatre heures

522 336 740 116 pour se pourvoir en revision (2).

553.0 492.0 2648.0 131.0 FAiT, clos et jugé sans désemparer, en séance publique, à Chalons s/Marne, les jour, mois et an que dessus.

546.0 646.0 3084.0 127.0 En conséquence, LE PRÉSIDENT DE LA RÉPUBLIQUE MANDE et ORDONNE a tous huissiers sur ce requis de mettre ledit jugement à

496.0 727.0 3140.0 124.0 exécution; aux Procureurs généraux et aux Procureurs de la République près les tribunaux de première instance d'y tenir la

499.0 810.0 2806.0 124.0 main; à tous commandants et officiers de la force publique de prêter main-forte lorsqu'ils en seront légalement requis.

556.0 934.0 2202.0 134.0 En foi de quoi le présent jugement a été signé par les Membres du Conseil et par le Greffier.

529.0 1725.0 2933.0 104.0 L'an mil neuf cent seize, le onze Janvier le présent jugement a été lu par nous, Greffier soussigné, au caporal

502.0 1789.0 758.0 87.0 Louvegny, sur-qualifié,

1568 1784 2031 135 averti par le Commissaire du Gouvernement que l'article 44 de la loi du 17 avril

492.0 1849.0 2813.0 137.0 1906 accorde trois jours pour se pourvoir en cassation (1), ou que les articles 141 et 143 du Code de justice militaire

489.0 1943.0 2983.0 137.0 accordent vingt-quatre heures pour se pourvoir en revision (2), lesquels commencent à courir de l'expiration du présent jour.

469.0 2000.0 1495.0 114.0 lecture faite en présence de la garde rassemblée sous les armes,

3464 1955 130 135 Cette

160 2347 800 371 ade du 13 Janvier 1916

467 2492 337 232 L Greffier

1722.0 2650.0 621.0 124.0 EXÉCUTOIRE.

502 2638 428 211 +

509.0 2941.0 2306.0 188.0 Vu la procédure instruite contre le caporal Lourigny, Louis, Auguste

442.0 3038.0 952.0 118.0 et les frais d'icelle dont le détail suit:

700.0 3172.0 2266.0 121.0 1^o Coût du transport des pièces et objets pouvant servie à conviction ou à décharge......................

697.0 3243.0 2282.0 124.0 2^o Honoraires des officiers de santé, médecins, chirurgiens civils, sages-femmes, experts, interprètes, traducteurs et

764.0 3310.0 2212.0 100.0 autres, appelés en justice....................................

697.0 3377.0 2276.0 100.0 3^o Indemnités accordées aux témoins civils et militaires..............................................

703.0 3430.0 2263.0 108.0 4^o Frais de garde de scellés et ceux de mise en fourrière....................................................

703.0 3494.0 2263.0 124.0 5^o Indemnités de route, de transport et de séjour, accordées aux membres des tribunaux militaires pour les dépla-

791.0 3571.0 2185.0 111.0 cements auxquels l'instruction des procédures peut donner lieu, ainsi que toutes autres dépenses nécessitées

784.0 3632.0 2189.0 80.0 de ce chef.......................................

703.0 3688.0 2283.0 111.0 6^o Port des lettres et paquets pour l'instruction, sauf le port des lettres résultant de l'application de la loi du

781.0 3755.0 2182.0 101.0 15 juin 1899.....................................

713.0 3822.0 2243.0 111.0 7^o Frais l'impression des arrêts, jugements et ordonnances de justice, quand il y a lieu.................

697.0 3886.0 2262.0 97.0 8^o Prime de capture des contumax, des déserteurs et des insoumis....................

693.0 3946.0 2474.0 118.0 9^o Frais résultant de l'obtention des extraits du casier judiciaire... 0.25

680.0 4013.0 2279.0 111.0 10^o Prix du bulletin n^o 1 et du duplicata dudit (décret du 12 décembre 1899, art. 13)....................

663.0 4077.0 2310.0 117.0 11^o Coût des bulletins n^o 1 et du duplicata de ces bulletins établis par les greffiers des conseils de guerre au sujet

797.0 4131.0 2360.0 130.0 des condamnations prononcées par ces conseils (décret du 12 décembre 1899, art. 13)................. 0.40

660.0 4194.0 2480.0 134.0 12^o Frais de procédure ou coût du jugement............. 12^f 00

667.0 4265.0 2286.0 80.0 13^o Amende.....................................................................................................

653.0 4332.0 2303.0 87.0 14^o Décimes additionnels (en France)....................................................................

660.0 4382.0 2296.0 117.0 15^o Frais fixes de procédure devant la Cour de cassation ou le Conseil de revision......................

660.0 4459.0 2289.0 117.0 16^o Frais fixes de procédure devant le Conseil de guerre jugeant en 2^e instance.............................

1471.0 4596.0 1656.0 114.0 TOTAL..................................................... 12.65

472.0 4737.0 3094.0 154.0 Vu le dispositif du jugement définitif, l'article 139 du Code de justice militaire, le Président du Conseil de guerre

422.0 4831.0 3104.0 141.0 permanent de la du Quartier Général liquide les frais dont l'état est ci-dessus à la somme de douze francs soixante cinq

452.0 4898.0 325.0 101.0 centimes

418.0 4975.0 3047.0 147.0 ladite somme être poursuivi sur les biens présents et à venir du condamné, par les percepteurs des Contributions directes.

1541.0 4928.0 2028.0 114.0 du montant de laquelle il délivre le présent exécutoire, pour le recouvrement de

469.0 5066.0 3094.0 134.0 En conséquence, LE PRÉSIDENT DE LA RÉPUBLIQUE MANDE ET ORDONNE a tous huissiers sur ce requis de mettre ledit jugement à

418.0 5129.0 3145.0 141.0 exécution; aux Procureurs généraux et aux Procureurs de la République près les tribunaux de première instance d'y tenir la

418.0 5216.0 2819.0 141.0 main; à tous commandants et officiers de la force publique de prêter main-forte lorsqu'ils en seront légalement requis.

469.0 5283.0 2561.0 158.0 Fait en la Chambre du Conseil de guerre susdit, à Châlons sur-Marne, le 11 Javier 1916.

459.0 5588.0 808.0 77.0 (1) En France, en Algérie et en Tunisie.

462.0 5638.0 630.0 118.0 (2) Aux colonies et aux armées.

452.0 1115.0 282.0 248.0 +

869 1080 453 362 +

1930.0 1179.0 513.0 194.0 +

1020 1402 830 206 +

2373 1216 643 407 +

2916.0 1350.0 409.0 275.0 +

2450.0 5481.0 318.0 117.0 Le Président,

2222.0 5555.0 526.0 318.0 +

1136.0 2124.0 828.0 117.0 Le Commissaire du Gouvernement,

2735.0 2157.0 244.0 107.0 Le Greffier,

1330.0 2241.0 583.0 211.0 +

2621.0 2258.0 469.0 261.0 +
