3572 6065
188.0 1391.0 2982.0 196.0 Les voix recueillies séparément, conformément à l'article 131 du Code de justice militaire, en commençant par le grade inférieur.

138.0 1472.0 1978.0 155.0 le Président ayant émis son opinion le dernier, le Conseil de guerre permanent déclare

239.0 1613.0 1766.0 206.0 à l'unamimdte l'accusé est coupable

175.0 2648.0 2985.0 185.0 Sur quoi, et attendu les conclusions prises par le Commissaire du Gouvernement dans ses réquisitions, le Président a lu le texte

121.0 2742.0 3036.0 165.0 de la loi, recueilli de nouveau les voix dans la forme prescrite par les articles 131 et 134 du Code de justice militaire pour l'appli-

114.0 2823.0 415.0 88.0 cation de la peine.

161.0 2887.0 2507.0 155.0 Le Conseil est rentré en séance publique, le Président a lu les motifs qui précèdent et le dispositif ci-dessous.

161.0 2971.0 701.0 101.0 En conséquence, le Conseil (1)

953.0 2985.0 2244.0 172.0 dennre qu'il résute du bulletin n^o 2 arnexé au dossier et dont les

128.0 3069.0 3019.0 169.0 aronciation ont été recommil exactes par l'accusé que le soldat Blanchard a été

128.0 3170.0 3133.0 162.0 condamne le 24 octobre 1916 à deux ans de Travaux publics par le Conseil de

141.0 3264.0 3215.0 179.0 guerre de la 125^e D.I. pour désertion, que le jugement est définitif et qu'il est

134.0 3389.0 3192.0 125.0 des lors constant qu'il a déserte antérieurement, condamne à l'unanimité

134.0 3480.0 3249.0 138.0 ledit Blanchard à la peine de Trois ans de Travaux publics, aux frais envers

144.0 3588.0 3252.0 148.0 l'Etat et fixe au minimum la durée de la contrainte par corps par application

138.0 3703.0 3073.0 131.0 des articles 231 232, 234, 139 du Code de Justice militaire et 9 de la Loi du 22

151.0 3800.0 415.0 145.0 Juillet 1867

576.0 3881.0 2702.0 175.0 Le Président a publiquement donné lecture des articles susvises: ceux dont la

151.0 3996.0 1651.0 155.0 pénalité est appliquée sont ainsi conçus:

144.0 4120.0 3070.0 162.0 Art. 232 C. J. M - Tout sout officier caporal brigatier ou soldat coupable de désertion d

144.0 4215.0 3151.0 175.0 l'intérieur en temps de paix est puni -.....- et de deux à cinqand de Travaux

148.0 4322.0 3245.0 135.0 publics si la désertion a eu lieu en temps de guerre ou d'un territoire en état de guerre ou

148.0 4417.0 3151.0 155.0 de siège - La peine ne peut être moindre de trois ant d'emprisonnement ou de Travaux

158.0 4508.0 3285.0 165.0 publics, suivant les cas, dans les circonstances suivantes: 1^o ----: 3^o s'il a déserté antériemenant

165.0 4632.0 3262.0 176.0 Art. 139. C. J.M.- Le jugement qui prononce une peine contre l'accusé le condamne aux

151.0 4713.0 799.0 162.0 frais enverr l'Etat,

165.0 4838.0 3154.0 175.0 Art. 9 Loi du 22 juillet 1867. - La drirée de la contrainte par corps est régléé ainsi qu'il

144.0 4963.0 3266.0 165.0 suit: de deux jours à vingt jours lorsque l'amente et les autres condamnations n'excédent

229.0 5067.0 768.0 185.0 cinquante francs.

141.0 5697.0 2959.0 95.0 (1) Avoir soin de spécifier, s'il y a lieu, après t'indication de la peine infligée, la décision motivée du Conseil relative à ma non-imputation pour tout ou

104.0 5724.0 1284.0 125.0 partie de la détention préventive sur la durée de la peine prononcée.
