3781 6031
576.0 123.0 3111.0 124.0 La séance ayant été ouverte, le Président a fait apporter et déposer devant lui, sur le bureau, un exemplaire du Code de justice

526.0 234.0 3006.0 87.0 militaire, du Code d'instruction criminelle et du Code pénal ordinaire, et ordonné à la garde d'amener l'accusé, qui a

516.0 304.0 3151.0 111.0 été introduit, libre et sans fers, devant le Conseil, accompagné de son défenseur M^e Chiénard, officier d'Administration

512.0 378.0 755.0 158.0 de 2^e classe désigné d'office.-

566.0 717.0 2943.0 177.0 Interrogé de ses nom, prénoms;âge, lieu de naissance, état profession et domicile l'accusé

643.0 847.0 2967.0 144.0 a répondu se nommer Louvigny, Louis, Auguste, 20 ans, né à Paris, 8^e Arrondissement

496.0 954.0 3140.0 148.0 département de la Seine, célibataire, profession de cultivateur, domicilié à Gennevilliers, arrondissement

489.0 1075.0 3033.0 154.0 de S^t Denis département de la Seine, actuellement caporal au 42^e Régiment d'Infanterie (2^e Centre

489.0 1196.0 1374.0 140.0 d'Instruction de la Classe 1916 de la IV^e Armée)

559.0 1765.0 3114.0 111.0 Le Président, après avoir fait lire par le greffier l'ordre de convocation, le rapport prescrit par l'article 108 du Code de justice

499.0 1852.0 2936.0 94.0 militaire, et les pièces dont la lecture lui a paru nécessaire, a fait connaître a l'accusé les faits a raison desquels il est

499.0 1929.0 2682.0 101.0 poursuivi, et lui a donné, ainsi qu'au défenseur, l'avertissement indiqué en l'article 121 dudit Code;

556.0 1996.0 3104.0 108.0 Après quoi, il a procédé à l'interrogatoire de l'accusé et a fait entendre publiquement et séparément les témoins à charge (1)

1065.0 2094.0 2605.0 97.0 ; lesdits témoins ayant au préalable prêté serment de parler sans haine et sans crainte, juré de dire toute la

496.0 2161.0 670.0 97.0 vérité et rien que la vérité;

556.0 2405.0 3117.0 131.0 Et le Président ayant, en outre, rempli à leur égard les formalités proscrites par les articles 317 et 319 du Code d'instruction

492.0 2486.0 305.0 103.0 criminelle;

576.0 2566.0 74.0 114.0 (2)

546.0 3095.0 3117.0 148.0 Ouï M. le Commissaire du Gouvernement en ses réquisitions tendant à ce que (3) le susnommé soit déclaré coupable

489.0 3236.0 3134.0 138.0 d'outrages envers des supérieurs et qu'il lui soit fait application de l'article 224 du Code de Justice

472.0 3333.0 349.0 148.0 militaire

482.0 3685.0 3188.0 107.0 et l'accusé dans - ses moyens de défense, tant par lui que par son défenseur, lesquels ont

479.0 3772.0 3181.0 104.0 déclaré n'avoir rien à ajouter à leurs moyens de défense, et ont eu la parole les derniers, le Président a déclaré les débats terminés,

479.0 3859.0 1585.0 94.0 et il a ordonné au défenseur et a l'accusé de se retirer.

543.0 4101.0 3117.0 110.0 L'accusé a été reconduit par l'escorte à la prison; le Commissaire du Gouvernement, le Greffier et les assistants dans

479.0 4198.0 1421.0 80.0 l'auditoire se sont retirés sur l'invitation du Président (4);

543.0 4271.0 3120.0 94.0 Le Conseil délibérant à huis clos, le Président a posé les questions, conformément à l'article 132 du Code de justice

475.0 4342.0 671.0 110.0 militaire, ainsi qu'il suit:

546.0 5119.0 643.0 60.0 (1) Et à décharge (s'il y en a).

549.0 5149.0 3091.0 104.0 (2) Indiquer si des témoins ont été entendus sans prestation de serment, et pour quel motif ; dire que les pièces de conviction, s'il y en a, ont été représentées.

512.0 5220.0 3141.0 97.0 Indiquer, en outre, ses incidents qui ont pu ce produire, en ayant soin de préciser à quel moment du débat ils ont en lieu, ses conclusions des parties, les

506.0 5287.0 3144.0 87.0 réquisitions du ministère public, les moyens de défense présentés par l'accusé, et enfin le jugement motivé du Conseil. Dans le cas où le blanc laisse ici ne suf-

496.0 5350.0 3147.0 101.0 firait pas pour insérer toutes ces mentions, on devra indiquer l'incident et le moment du débat il s'est produit, en ajoutant qu'il y a été statué par jugement

502.0 5414.0 3138.0 94.0 séparé, lequel est joint et annexé au présent, et alors le jugement séparé doit indiquer la publicité de l'audience, se terminer par la même formule et être signé

509.0 5474.0 3127.0 97.0 de la même manière que le jugement principal, en mentionnant qu'il y sera annexé comme en taisant partie. En cas de suspension d'audience et de remise au

506.0 5535.0 1997.0 93.0 lendemain, la mention qui constate cette remise est signée par le Président et le Greffier seulement.

559.0 5598.0 2715.0 97.0 (3) Indiquer si les réquisitions tendent à la déclaration de culpabilité et, dans ce cas, les articles de loi dont l'application est demandée.

559.0 5669.0 2310.0 93.0 (4) S'il y a une chambre des délibérations, on mettra que le Tribunal s'est retiré dans la chambre des délibérations.

754.0 5779.0 1528.0 77.0 Conseil de guerre. - N^o 967 de la Nomenclature générale. - Formule n^o 16.
