3630 6123
493.0 289.0 3024.0 119.0 La séance ayant été ouverte, le Président a fait apporter et déposer devant lui, sur le bureau, un exemplaire du Code de justice

445.0 374.0 3001.0 115.0 militaire, du Code d'instruction criminelle et du code pénal ordinaire, et ordonné à la garde d'amener l'accusé, qui a

435.0 459.0 3092.0 112.0 été introduit, libre et sans fers, devant le Conseil, accompagné de son défenseur ni deville, automobieise

469.0 547.0 1847.0 143.0 au Q. G. de l'Armée, avocat- désigné d'office

466.0 918.0 2623.0 136.0 Interrogé de ses nom, prénoms, âge, lieu de naissance, état profession et domicile

547.0 1000.0 3052.0 139.0 a répondu se nommer Goudet Henré Etienue Joseph, 24 ans, né à Dollon (s

530.0 1088.0 2650.0 160.0 employé de commerce à Paris (rue de Bunyh) célibataire

493.0 1891.0 3017.0 132.0 Le Président, après avoir fait lire par le greffierl'ordre de convocation, le rapport prescrit par l'article 108 du Code de justice

438.0 1996.0 2964.0 109.0 militaire, et les pièces dont la lecture lui a paru nécessaire, a fait connaître a l'accusé les faits à raison desquels il est

435.0 2071.0 2620.0 102.0 poursuivi, et lui a donné, ainsi qu'au défenseur, l'avertissement indiqué en l'article 121 dudit Code;

493.0 2136.0 3017.0 105.0 Après quoi, il a procédé à l'interrogatoire de l'accusé et a fait entendre publiquement et séparément les témoins à charge (1)

990.0 2217.0 2520.0 102.0 ; lesdits témoins ayant au préalable prêté serment de parler sans haine et sans crainte, juré de dire toute la

435.0 2309.0 643.0 95.0 vérité et rien que la vérité;

496.0 2530.0 3008.0 126.0 Et le Président ayant, en outre, rempli à leur égard les formalités prescrites par les articles 317 et 319 du Code d'instruction

432.0 2649.0 279.0 92.0 criminelle;

513.0 2704.0 65.0 109.0 (2)

476.0 3228.0 3116.0 132.0 Ouï M. le Commissaire du Gouvernement en ses réquisitions tendant à ce que (3) le sus nommé soit déclare

479.0 3337.0 3110.0 98.0 coupable des faits relevés contre lui dans l'ordre de mise en jugement

496.0 3405.0 3069.0 176.0 et qu'il lui soit fait application de l'article 2246 du Code le Justice

493.0 3530.0 428.0 157.0 Militai

421.0 3789.0 3079.0 119.0 et l'accusé dans ses moyens de défense, tant par lui menu que par son défenseur, lesquels ont

425.0 3898.0 3068.0 92.0 déclaré n'avoir rien à ajouter à leurs moyens de défense, et ont eu la parole les derniers, le Président a déclaré les débats terminés,

425.0 3962.0 1524.0 99.0 et il a ordonné au défenseur et a l'accusé de se retirer.

483.0 4207.0 3014.0 119.0 L'accusé a été reconduit par l'escorte à la prison; le Commissaire du Gouvernement, le Greffier et les assistants dans

435.0 4303.0 1334.0 88.0 l'auditoire se sont retirés sur l'invitation du Président (4);

486.0 4371.0 3007.0 105.0 Le Conseil délibérant à huis clos, le Président a posé les questions, conformément à l'article 132 du Code de justice

435.0 4459.0 629.0 89.0 militaire, ainsi qu'il suit:

724.0 4565.0 2831.0 156.0 -Le cavalier Goudet Henri Stienne Joseph, de l'escade

472.0 4694.0 3106.0 146.0 verritorial de Fragons de la 13^e Région - dépôt de chevance de

483.0 4833.0 3085.0 140.0 Curel- est-il coupable Savoir, le 14 Février 1917, à la gre

493.0 4969.0 3096.0 143.0 de Chatouupt, outragé par paroles son supérieurs le marecte

496.0 5235.0 609.0 44.0 (1) Et à décharge (s'il y en a).

493.0 5252.0 2987.0 115.0 (2) Indiquer si des témoins ont été entendus sans prestation de serment, et pour quel motif ; dire que les pièces de conviction, s'il y en a, ont été représentées.

452.0 5313.0 3024.0 105.0 Indiquer en outre, ses incidents qui ont pu ce produire, en ayant soin de préciser à quel moment du débat ils ont en lieu, ses conclusions des parties, les

452.0 5391.0 3018.0 106.0 réquisitions du ministère public, les moyens de défense présentés par l'accusé, et enfin le jugement motivé du Conseil. Dans le cas où le blanc laisse ici ne suf-

449.0 5446.0 3024.0 112.0 firait pas pour insérer toutes ces mentions, on devra indiquer l'incident et le moment du débat il s'est produit, en ajoutant qu'il y a été statué par jugement

459.0 5507.0 3004.0 98.0 séparé, lequel est joint et annexé au présent, et alors le jugement séparé doit indiquer la publicité de l'audience, se terminer par la même formule et être signé

445.0 5565.0 3025.0 125.0 de la même manière que le jugement principal, en mentionnant qu'il y sera annexé comme en taisant partie. En cas de suspension d'audience et de remise au

449.0 5633.0 1925.0 102.0 lendemain, la mention qui constate cette remise est signée par le Président et le Greffier seulement.

493.0 5690.0 2643.0 109.0 (3) Indiquer si les réquisitions tendent à la déclaration de culpabilité et, dans ce cas, les articles de loi dont l'application est demandée.

493.0 5759.0 2255.0 112.0 (4) S'il y a une chambre des délibérations, on mettra que le Tribunal s'est retiré dans la chambre des délibérations.

677.0 5884.0 1486.0 75.0 Conseil de guerre. - N^o 967 de la Nomenclature générale. - Formule n^o 16.
