3572 6065
424.0 128.0 2052.0 168.0 des lops Poiton, du même décactement

778.0 299.0 2443.0 199.0 2o - Lesdixs outrages ont ils eu lieu pendant

451.0 434.0 452.0 148.0 le service

175.0 1378.0 2992.0 202.0 Les voix recueillies séparément, conformément à l'article 131 du Code de justice militaire, en commençant par le grade inférieur,

134.0 1482.0 1975.0 138.0 le Président ayant émis son opinion le dernier, le Conseil de guerre permanent déclare

131.0 1630.0 2996.0 246.0 sur le 1^ere question: à l'nanimité l'accusé est coupable

128.0 1836.0 2187.0 195.0 sur la 2^eme question: à l'nanimité oui

350.0 2051.0 2730.0 233.0 A la majorité d existe des circonstances atténuantes

151.0 2634.0 2982.0 196.0 Sur quoi, et attendu les conclusions prises par le Commissaire du Gouvernement dans ses réquisitions, le Président a lu le texte

104.0 2749.0 3026.0 158.0 de la loi, recueilli de nouveau les voix dans la forme prescrite par les articles 131 et 134 du Code de justice militaire pour l'appli-

101.0 2813.0 411.0 91.0 cation de la peine.

144.0 2890.0 2501.0 142.0 Le Conseil est rentré en séance publique, le Président a lu les motifs que précèdent et le dispositif ci-dessous.

141.0 2955.0 3040.0 185.0 En conséquence, le Conseil (1) condamne, à l'unanimité le cavalier Goudet

114.0 3059.0 3107.0 172.0 susquatifié, à le peine de deux ans de prison aux frais envers l'Etat

114.0 3157.0 2312.0 148.0 et fixe au minimum la durée de la contrainte par corps.

279.0 3264.0 2962.0 166.0 Le tout par application des articles 224, 139 du code de Justice militaire, 1

104.0 3359.0 3144.0 158.0 de la loi du 19 Juillet 1901 (loi du 27 Avril 1916), et 9 de la Loi du 22 juillet 1867.

330.0 3457.0 2935.0 165.0 Les articles appliqués, dont le Président a publiquement donné leure, sont

104.0 3561.0 512.0 101.0 ainsi conçus:

289.0 3642.0 2932.0 145.0 Art. 224 C.J.MM. Tout militaire qui pendant le service où à l'occasion

101.0 3760.0 3194.0 111.0 du service, outrage son supérieur par paroles, gestes ou menaces, est puni de.. cinq

107.0 3851.0 3151.0 114.0 ans à dix ans de travaux publics s'il est sons officier, caporale brigadir ou soldet.

272.0 3938.0 3138.0 155.0 Art. 1 Loi du 19 Juillet 1901 (Loi du 27 avril 1916) tous les tribunaux militaires

94.0 4046.0 3312.0 135.0 « de l'armée de terre..- pourront à l'aveur... en tempe de guerre, admettre des circonstances

104.0 4134.0 3265.0 148.0 atténuantes à tous les crêmes et délits réprimés tout par les codes de purtice militaire....

111.0 4262.0 2999.0 104.0 si la peine cet celle des travane publics, le conseil de guerre appliquere un

111.0 4390.0 1685.0 91.0 emprisonnement de deux mois à cinnq ans.

326.0 4447.0 3010.0 152.0 Art. 139 C. J.M. Le jugement qui prononce une peine contre l'accusé

121.0 4565.0 1523.0 121.0 le condamne aux frais envers l'Eas...

303.0 4666.0 3097.0 145.0 Loi du 22 Juillet 186). art. 9. Le durée de la contrainte par corps est réglée

111.0 4764.0 3006.0 131.0 ainsé qu'il nit: de deux jours à vingt jours loque l'amende et les autres

111.0 4862.0 1947.0 131.0 condamnation n'excédent pas cinquante francs

134.0 5690.0 2925.0 98.0 ()Aaion soin de spécifier, s'il y a lieu, après t'indication de la peine infligée, la décision motivée du Conseil relative à ma non-imputation pour tout ou

104.0 5714.0 1267.0 125.0 artie de la détention préventive sur la durée de la peine prononcée.
