3630 6123
526 323 38 85 La
610 300 122 108 séance
777 305 99 102 ayant
914 323 38 83 été
998 299 174 107 ouverte,
1195 307 23 98 le
1256 295 198 110 Président
1484 319 0 85 a
1522 319 61 85 fait
1621 295 167 109 apporter
1834 295 15 108 et
1894 295 145 108 déposer
2085 293 129 109 devant
2244 293 76 109 lui,
2351 306 53 95 sur
2449 304 16 97 le
2518 293 167 108 bureau,
2731 312 22 88 un
2807 289 228 111 exemplaire
3088 289 30 110 du
3171 289 92 109 Code
3308 289 31 109 de
3377 289 121 108 justice

471 396 202 93 militaire,
709 394 29 94 du
787 391 88 97 Code
924 387 261 100 d'instruction
1221 396 209 90 criminelle
1472 388 23 97 et
1530 384 37 100 du
1610 395 87 89 code
1740 386 101 97 pénal
1876 380 211 103 ordinaire,
2122 388 22 94 et
2180 391 159 90 ordonné
2375 390 0 91 à
2403 385 23 96 la
2453 377 102 103 garde
2591 381 188 99 d'amener
2808 376 426 103 l'accusé,
3262 394 58 83 qui
3399 394 0 82 a

467 477 44 94 été
554 466 299 104 introduit,
889 469 80 99 libre
1071 471 22 96 et
1129 471 73 96 sans
1246 472 87 94 fers,
1370 474 131 91 devant
1537 475 14 89 le
1595 476 168 88 Conseil,
1799 466 247 96 accompagné
2148 459 37 101 de
2214 469 58 91 son
2323 460 189 99 défenseur
2592 459 44 98 ni
2716 459 291 97 deville,
3065 459 444 95 automobieise

507 587 46 97 au
649 585 46 102 Q.
729 566 37 123 G.
835 575 37 100 de
942 557 374 124 l'Armée,
1368 554 295 125 avocat-
1786 547 215 129 désigné
2106 555 196 113 d'office

533 938 178 113 Interrogé
815 939 33 98 de
1041 955 50 96 ses
1332 945 162 102 nom,
1534 933 195 108 prénoms,
1768 935 74 96 âge,
1873 926 65 101 lieu
2042 943 34 84 de
2115 929 211 106 naissance,
2365 926 66 111 état
2527 918 203 116 profession
2834 935 25 84 et
2898 922 171 108 domicile

577 1032 1 90 a
723 1017 164 119 répondu
931 1024 20 102 se
995 1015 164 121 nommer
1240 1013 328 126 Goudet
1694 1010 155 111 Henré
1957 1009 228 104 Etienue
2313 1004 245 114 Joseph,
2612 1005 64 105 24
2748 1007 146 112 ans,
2994 1016 36 91 né
3093 1019 0 85 à
3248 1003 236 120 Dollon
3547 1003 28 120 (s

560 1129 284 119 employé
940 1120 40 115 de
1077 1110 337 119 commerce
1548 1122 2 92 à
1657 1109 157 125 Paris
1911 1107 158 118 (rue
2158 1105 46 122 de
2276 1097 291 130 Bunyh)
2757 1088 373 133 célibataire

522 1911 44 112 Le
601 1913 219 110 Président,
855 1916 96 106 après
995 1918 87 104 avoir
1117 1920 61 102 fait
1213 1907 53 115 lire
1310 1898 52 123 par
1397 1925 26 96 le
1476 1894 315 127 greffierl'ordre
1843 1914 26 106 de
1922 1897 271 123 convocation,
2228 1894 18 126 le
2289 1892 149 127 rapport
2482 1891 148 128 prescrit
2674 1906 53 113 par
2770 1891 149 127 l'article
2972 1891 61 127 108
3085 1891 35 127 du
3173 1891 87 127 Code
3313 1901 26 116 de
3383 1907 113 110 justice

487 2009 179 96 militaire,
698 2009 26 94 et
756 2008 44 94 les
845 2008 109 93 pièces
993 2007 83 93 dont
1108 2007 19 92 la
1165 2006 135 92 lecture
1338 2005 51 92 lui
1428 2005 0 91 a
1473 2005 76 91 paru
1594 2003 231 91 nécessaire,
1857 2003 0 89 a
1902 2003 57 89 fait
2010 2002 186 89 connaître
2234 2001 0 88 a
2273 2000 192 88 l'accusé
2548 2000 39 86 les
2625 1999 77 86 faits
2740 1999 0 85 à
2785 1998 109 86 raison
2939 1997 173 85 desquels
3156 1997 13 83 il
3240 1996 64 83 est

467 2071 272 102 poursuivi,
776 2071 22 98 et
827 2071 73 98 lui
988 2071 0 96 a
1040 2071 139 95 donné,
1209 2071 88 94 ainsi
1341 2071 95 92 qu'au
1539 2071 279 90 défenseur,
1854 2071 316 86 l'avertissement
2207 2071 154 83 indiqué
2405 2071 29 80 en
2478 2071 147 80 l'article
2669 2071 66 82 121
2779 2071 103 86 dudit
2919 2071 117 92 Code;

532 2160 109 81 Après
678 2160 109 81 quoi,
816 2160 22 81 il
867 2160 0 81 a
911 2160 152 81 procédé
1100 2160 0 81 à
1143 2160 306 81 l'interrogatoire
1500 2160 29 81 de
1565 2160 189 81 l'accusé
1856 2160 29 81 et
1921 2160 0 81 a
1965 2153 58 88 fait
2067 2139 174 102 entendre
2285 2141 305 100 publiquement
2627 2150 22 91 et
2685 2136 240 105 séparément
2961 2140 44 101 les
3049 2142 167 99 témoins
3252 2147 0 94 à
3303 2148 116 93 charge
3449 2152 50 89 (1)

1015 2226 0 93 ;
1051 2217 124 102 lesdits
1212 2218 160 101 témoins
1408 2219 102 100 ayant
1554 2220 29 99 au
1627 2220 182 99 préalable
1853 2222 87 97 prêté
1991 2222 160 97 serment
2195 2224 29 95 de
2268 2224 117 95 parler
2428 2225 73 94 sans
2545 2226 102 93 haine
2691 2226 22 93 et
2749 2227 80 92 sans
2866 2227 160 92 crainte,
3062 2228 66 91 juré
3179 2229 29 90 de
3252 2230 65 89 dire
3354 2230 87 89 toute
3478 2231 14 88 la

461 2309 103 94 vérité
602 2309 26 92 et
660 2309 65 90 rien
776 2309 52 88 que
866 2309 20 86 la
931 2309 129 85 vérité;

524 2540 41 116 Et
597 2539 16 117 le
661 2537 186 118 Président
887 2537 129 118 ayant,
1049 2544 32 110 en
1129 2552 121 102 outre,
1299 2540 137 113 rempli
1484 2537 0 116 à
1533 2534 72 119 leur
1646 2534 96 118 égard
1791 2555 40 97 les
1871 2561 202 90 formalités
2121 2561 194 90 prescrites
2355 2549 49 101 par
2444 2533 40 117 les
2525 2532 137 117 articles
2710 2548 65 101 317
2823 2540 25 108 et
2896 2542 64 106 319
3009 2552 32 96 du
3098 2549 96 98 Code
3243 2544 242 103 d'instruction

457 2649 236 91 criminelle;

513 2704 59 108 (2)

522 3249 69 108 Ouï
625 3241 43 109 M.
694 3235 26 111 le
763 3231 267 113 Commissaire
1073 3232 34 113 du
1150 3235 310 112 Gouvernement
1503 3253 26 94 en
1572 3252 43 95 ses
1658 3235 241 114 réquisitions
1942 3243 155 107 tendant
2131 3257 0 93 à
2174 3253 26 97 ce
2243 3247 60 104 que
2338 3242 51 109 (3)
2432 3237 26 114 le
2613 3228 95 125 sus
2819 3269 320 86 nommé
3240 3258 97 98 soit
3430 3229 162 128 déclare

516 3342 254 93 coupable
870 3342 74 93 des
1030 3342 167 93 faits
1311 3341 193 94 relevés
1611 3340 180 95 contre
1892 3340 93 95 lui
2105 3339 187 96 dans
2399 3339 214 96 l'ordre
2726 3339 47 96 de
2906 3338 141 97 mise
3167 3338 73 97 en
3347 3337 242 98 jugement

533 3442 24 106 et
647 3428 137 132 qu'il
874 3418 92 133 lui
1067 3425 103 127 soit
1306 3416 126 157 fait
1567 3411 423 169 application
2068 3410 46 164 de
2193 3408 273 156 l'article
2579 3413 148 132 2246
2818 3419 80 145 du
2977 3426 148 145 Code
3238 3405 35 164 le
3352 3408 205 153 Justice

591 3531 226 156 Militai

458 3803 25 95 et
549 3792 224 107 l'accusé
856 3806 82 94 dans
1071 3795 74 105 ses
1394 3816 132 86 moyens
1576 3816 25 86 de
1642 3799 174 104 défense,
1849 3795 75 108 tant
1957 3793 49 110 par
2081 3789 91 115 lui
2280 3799 157 106 menu
2487 3794 58 111 que
2594 3791 50 114 par
2710 3816 83 90 son
2925 3791 282 116 défenseur,
3240 3789 157 119 lesquels
3439 3813 49 95 ont

461 3898 134 85 déclaré
642 3898 126 86 n'avoir
808 3898 67 86 rien
915 3898 0 86 à
955 3898 140 87 ajouter
1135 3898 0 87 à
1175 3898 94 87 leurs
1329 3898 133 87 moyens
1502 3898 34 88 de
1576 3898 173 88 défense,
1782 3898 27 88 et
1842 3898 60 88 ont
1936 3898 26 89 eu
2009 3898 20 89 la
2069 3898 114 89 parole
2223 3898 46 89 les
2309 3898 187 90 derniers,
2536 3898 20 90 le
2596 3898 200 90 Président
2836 3898 0 91 a
2883 3898 134 91 déclaré
3063 3898 40 91 les
3150 3898 120 92 débats
3304 3898 180 92 terminés,

464 3962 21 96 et
521 3963 14 95 il
571 3963 0 95 a
614 3963 158 96 ordonné
815 3965 28 94 au
951 3967 193 92 défenseur
1259 3970 21 90 et
1316 3970 0 90 a
1366 3971 186 89 l'accusé
1667 3973 28 88 de
1738 3974 22 87 se
1803 3975 143 86 retirer.

526 4231 269 92 L'accusé
883 4220 0 100 a
1026 4218 39 100 été
1105 4216 198 101 reconduit
1398 4207 48 106 par
1486 4207 166 105 l'escorte
1692 4222 0 87 à
1732 4227 16 84 la
1795 4225 143 93 prison;
1970 4223 24 97 le
2033 4214 270 112 Commissaire
2343 4235 39 88 du
2422 4230 341 92 Gouvernement,
2795 4223 24 95 le
2858 4211 159 106 Greffier
3057 4211 16 103 et
3112 4211 40 103 les
3192 4211 182 102 assistants
3414 4211 63 99 dans

463 4303 205 88 l'auditoire
711 4304 19 86 se
767 4304 81 86 sont
879 4304 118 86 retirés
1040 4304 50 86 sur
1127 4305 218 84 l'invitation
1394 4305 31 84 du
1469 4305 192 84 Président
1686 4306 68 82 (4);

531 4371 35 102 Le
608 4371 147 102 Conseil
791 4372 210 102 délibérant
1036 4372 0 102 à
1078 4372 70 102 huis
1190 4372 91 102 clos,
1309 4373 21 101 le
1372 4373 190 101 Président
1604 4373 0 101 a
1646 4373 70 101 posé
1765 4374 77 100 les
1982 4374 295 101 questions,
2319 4375 309 100 conformément
2677 4375 0 100 à
2733 4375 147 100 l'article
2936 4376 63 100 132
3055 4376 35 100 du
3146 4376 92 100 Code
3294 4377 28 99 de
3371 4377 112 99 justice

477 4459 186 89 militaire,
699 4459 84 86 ainsi
825 4459 78 85 qu'il
939 4459 102 83 suit:

768 4578 252 140 -Le
1141 4577 312 128 cavalier
1605 4576 272 145 Goudet
2068 4582 201 127 Henri
2390 4592 262 119 Stienne
2800 4573 327 137 Joseph,
3193 4590 55 105 de
3324 4565 231 132 l'escade

513 4717 380 123 verritorial
1032 4741 56 95 de
1208 4714 306 126 Fragons
1635 4721 56 98 de
1793 4711 37 102 la
1941 4711 102 119 13^e
2145 4704 222 127 Région
2488 4735 0 98 -
2590 4704 196 129 dépôt
2911 4706 60 119 de
3107 4699 309 125 chevance
3486 4694 51 112 de

515 4849 294 121 Curel-
913 4843 238 126 est-il
1255 4850 351 115 coupable
1777 4851 352 113 Savoir,
2224 4837 28 117 le
2385 4838 38 110 14
2565 4837 257 126 Février
2934 4864 202 91 1917,
3219 4863 3 81 à
3342 4844 32 101 la
3459 4833 109 120 gre

523 4984 55 116 de
750 4983 572 125 Chatouupt,
1422 4981 291 127 outragé
1840 4997 100 108 par
2058 4978 254 131 paroles
2421 4991 91 97 son
2630 4987 438 114 supérieurs
3176 4972 38 103 le
3378 4969 211 106 marecte

511 5235 39 44 (1)
586 5235 30 43 Et
646 5235 0 43 à
685 5235 148 43 décharge
866 5235 57 42 (s'il
962 5235 0 41 y
992 5235 24 41 en
1055 5235 36 40 a).

516 5252 41 93 (2)
591 5253 143 93 Indiquer
768 5254 21 93 si
816 5254 41 94 des
884 5254 136 95 témoins
1047 5255 48 95 ont
1122 5256 41 94 été
1190 5256 150 96 entendus
1374 5257 61 96 sans
1463 5258 170 97 prestation
1660 5259 27 96 de
1721 5259 150 98 serment,
1898 5260 21 98 et
1953 5260 68 99 pour
2061 5261 62 99 quel
2164 5262 74 99 motif
2259 5262 0 99 ;
2286 5262 61 100 dire
2375 5263 47 100 que
2456 5263 34 100 les
2517 5264 96 100 pièces
2647 5264 20 101 de
2701 5265 198 102 conviction,
2926 5266 41 100 s'il
2994 5266 0 98 y
3028 5266 20 97 en
3082 5267 28 94 a,
3137 5267 48 93 ont
3212 5267 34 91 été
3273 5268 207 88 représentées.

466 5313 149 86 Indiquer
659 5316 24 84 en
716 5316 109 84 outre,
852 5318 35 83 ses
914 5319 154 83 incidents
1101 5322 47 81 qui
1175 5323 46 80 ont
1254 5324 30 80 pu
1322 5325 18 79 ce
1374 5326 171 79 produire,
1578 5329 18 77 en
1640 5329 86 77 ayant
1759 5331 58 76 soin
1855 5333 24 74 de
1912 5333 132 76 préciser
2082 5336 1 73 à
2122 5336 63 73 quel
2230 5338 125 73 moment
2388 5340 30 71 du
2456 5341 92 71 débat
2581 5343 29 69 ils
2648 5344 47 69 ont
2733 5345 30 68 en
2796 5346 86 68 lieu,
2909 5348 35 67 ses
2988 5346 200 70 conclusions
3227 5344 40 73 des
3300 5339 120 79 parties,
3448 5337 28 81 les

462 5391 206 75 réquisitions
703 5392 34 75 du
785 5392 137 77 ministère
964 5392 117 79 public,
1108 5392 34 80 les
1191 5393 103 81 moyens
1328 5393 28 82 de
1390 5393 117 84 défense
1541 5393 151 86 présentés
1727 5394 41 86 par
1802 5394 152 88 l'accusé,
1988 5394 14 89 et
2036 5394 69 90 enfin
2146 5395 14 90 le
2187 5395 165 92 jugement
2401 5398 89 91 motivé
2524 5398 28 92 du
2586 5398 145 94 Conseil.
2758 5399 76 95 Dans
2867 5399 15 95 le
2915 5399 42 96 cas
2984 5400 28 96 où
3046 5400 21 97 le
3094 5400 90 97 blanc
3211 5400 83 92 laisse
3328 5401 28 85 ici
3383 5401 21 83 ne
3431 5401 39 81 suf-

459 5446 89 79 firait
576 5446 44 80 pas
656 5446 73 82 pour
786 5447 118 83 insérer
932 5447 95 85 toutes
1055 5447 38 86 ces
1135 5448 161 88 mentions,
1324 5448 30 88 on
1382 5448 81 90 devra
1492 5448 139 92 indiquer
1659 5449 161 94 l'incident
1840 5452 23 91 et
1884 5452 16 92 le
1942 5452 125 94 moment
2088 5452 30 95 du
2153 5456 88 92 débat
2320 5456 16 94 il
2357 5456 65 95 s'est
2450 5456 154 97 produit,
2632 5459 23 95 en
2683 5459 146 97 ajoutant
2857 5459 74 99 qu'il
2966 5459 1 98 y
3010 5458 1 98 a
3053 5456 38 98 été
3126 5457 96 95 statué
3257 5458 45 90 par
3337 5458 136 87 jugement

462 5507 128 79 séparé,
614 5507 104 80 lequel
753 5508 38 79 est
820 5508 74 80 joint
923 5508 19 80 et
978 5509 110 80 annexé
1117 5509 25 81 au
1184 5509 140 82 présent,
1354 5510 19 81 et
1396 5510 80 82 alors
1499 5514 20 78 le
1542 5514 165 79 jugement
1730 5515 104 79 séparé
1869 5517 56 78 doit
1954 5517 147 79 indiquer
2130 5520 20 76 la
2185 5520 147 77 publicité
2367 5520 25 78 de
2422 5520 200 79 l'audience,
2645 5520 19 80 se
2694 5517 152 84 terminer
2882 5518 43 83 par
2954 5519 20 83 la
3015 5520 86 83 même
3130 5521 135 83 formule
3294 5522 19 82 et
3337 5523 49 82 être
3409 5524 54 81 signé

463 5565 30 89 de
521 5565 15 89 la
586 5565 80 91 même
715 5565 124 93 manière
881 5568 44 92 que
960 5568 16 92 le
1011 5568 159 95 jugement
1198 5571 181 95 principal,
1407 5575 22 92 en
1485 5575 211 95 mentionnant
1722 5578 74 94 qu'il
1816 5578 2 94 y
1852 5578 60 95 sera
1946 5578 110 97 annexé
2090 5582 117 95 comme
2241 5582 23 96 en
2298 5583 118 97 taisant
2450 5585 110 97 partie.
2586 5585 37 98 En
2651 5585 44 99 cas
2723 5585 30 100 de
2781 5586 174 102 suspension
2997 5588 174 102 d'audience
3213 5590 15 95 et
3270 5590 23 92 de
3328 5591 95 89 remise
3450 5592 16 82 au

458 5633 209 87 lendemain,
696 5636 17 84 la
765 5636 122 86 mention
928 5638 40 85 qui
997 5639 134 85 constate
1166 5640 69 85 cette
1270 5642 104 84 remise
1403 5643 41 84 est
1473 5644 99 84 signée
1606 5645 41 84 par
1682 5646 11 83 le
1734 5646 162 85 Président
1926 5648 17 83 et
1978 5649 11 83 le
2024 5649 128 84 Greffier
2192 5651 182 84 seulement.

509 5690 45 92 (3)
584 5691 152 93 Indiquer
766 5694 20 90 si
810 5695 39 89 les
879 5696 208 90 réquisitions
1111 5699 127 88 tendent
1275 5701 1 86 à
1306 5702 20 85 la
1363 5703 189 86 déclaration
1582 5706 27 83 de
1639 5706 182 85 culpabilité
1859 5710 38 81 et,
1928 5711 69 81 dans
2028 5712 19 80 ce
2085 5713 63 80 cas,
2173 5714 31 79 les
2242 5715 119 79 articles
2393 5717 25 77 de
2455 5718 38 77 loi
2531 5719 69 77 dont
2631 5721 220 76 l'application
2882 5724 38 74 est
2958 5725 178 74 demandée.

508 5759 44 89 (4)
587 5760 50 89 S'il
672 5761 1 88 y
709 5762 1 87 a
751 5762 44 88 une
830 5763 147 89 chambre
1013 5765 43 88 des
1086 5766 250 90 délibérations,
1366 5769 25 88 on
1445 5770 92 88 mettra
1571 5772 45 87 que
1650 5773 21 87 le
1711 5774 154 88 Tribunal
1888 5776 62 87 s'est
1985 5777 86 87 retiré
2100 5778 74 87 dans
2198 5779 19 86 la
2252 5780 147 87 chambre
2435 5782 43 86 des
2508 5783 240 88 délibérations.

703 5884 122 69 Conseil
854 5884 23 69 de
912 5884 110 70 guerre.
1057 5884 0 70 -
1121 5884 29 70 N^o
1179 5884 58 71 967
1272 5884 23 71 de
1330 5884 18 71 la
1382 5884 238 72 Nomenclature
1661 5884 157 73 générale.
1847 5884 0 74 -
1905 5884 139 74 Formule
2085 5884 23 75 n^o
2137 5884 26 75 16.
