3630 6123
534 284 39 96 La
619 283 124 98 séance
782 282 100 99 ayant
921 281 39 101 été
1006 279 171 103 ouverte,
1208 279 15 104 le
1270 276 193 108 Président
1494 276 0 108 a
1533 275 62 109 fait
1634 273 162 112 apporter
1843 273 23 112 et
1905 272 147 114 déposer
2091 275 131 111 devant
2261 276 70 111 lui,
2362 278 54 109 sur
2462 279 16 108 le
2532 280 163 108 bureau,
2741 283 31 105 un
2826 285 225 104 exemplaire
3097 289 39 101 du
3190 290 93 100 Code
3322 292 31 98 de
3392 293 123 98 justice

495 377 184 82 militaire,
714 377 36 82 du
797 377 89 82 Code
934 376 255 82 d'instruction
1231 376 208 82 criminelle
1480 376 24 82 et
1540 376 35 82 du
1617 376 89 81 Code
1747 376 101 81 pénal
1884 375 214 82 ordinaire,
2133 375 18 82 et
2187 375 160 82 ordonné
2383 375 0 81 à
2412 375 18 81 la
2466 375 101 81 garde
2602 375 184 81 d'amener
2822 375 0 81 l
2964 374 274 82 accusé,
3273 374 54 81 qui
3398 374 0 81 a

475 452 43 91 été
562 452 295 88 introduit,
891 454 78 100 libre
1074 454 26 90 et
1134 455 78 83 sans
1247 439 95 115 fers,
1368 446 131 104 devant
1533 444 26 95 le
1594 439 173 118 Conseil,
1802 442 252 119 accompagné
2149 445 35 108 de
2227 445 61 117 son
2323 445 201 111 défenseur
2617 461 71 97 M.
2816 476 228 90 Laisne
3163 457 202 116 soldat
3441 464 148 110 autorie

514 537 354 142 notaire,
958 530 328 191 d'office

534 918 178 98 Interrogé
823 901 25 110 de
950 901 51 108 ses
1341 914 161 109 nom,
1536 908 204 115 prénoms,
1774 915 76 108 âge,
1876 928 68 82 lieu
2045 928 34 92 de
2122 899 212 121 naissance,
2368 898 68 122 état
2538 905 204 115 profession
2844 907 25 98 et
2903 905 170 112 domicile

725 1009 163 89 répondu
933 1008 21 94 se
998 1004 169 94 nommer

1283 996 699 152 Blanchard
2167 990 167 136 Abrien
2402 1004 295 128 Georges,
2736 1005 40 111 20
2834 1004 138 124 ans,
3030 1009 40 93 né
3148 1013 1 89 à
3236 983 257 132 LuCaelle
3570 1013 21 106 se

576 1132 148 120 Morin
779 1125 185 120 (Seine
1037 1150 38 86 et
1166 1122 214 135 Marne)
1434 1119 407 127 célibataire,
1923 1125 204 114 garçon
2200 1115 47 122 de
2310 1115 121 127 café
2550 1114 306 127 domicilié
2938 1129 1 89 à
3039 1105 176 119 Paris
3316 1109 84 118 18^e
3445 1136 154 95 arroué

540 1238 429 139 actuellement
1090 1233 191 131 soldat
1384 1245 10 97 à
1469 1226 285 132 l'atelier
1848 1230 39 116 de
1962 1226 276 134 Travaux
2341 1217 200 136 publics
2616 1225 181 120 16^e2-

522 1894 34 92 Le
603 1894 220 93 Président,
850 1894 100 93 après
990 1894 87 93 avoir
1117 1894 60 94 fait
1210 1894 54 94 lire
1310 1894 47 94 par
1397 1894 20 94 le
1471 1894 140 95 greffier
1658 1894 126 95 l'ordre
1845 1894 26 95 de
1918 1894 274 96 convocation,
2225 1894 20 96 le
2285 1894 154 97 rapport
2479 1894 154 97 prescrit
2673 1894 53 97 par
2773 1894 147 98 l'article
2973 1894 60 98 108
3087 1894 33 98 du
3173 1894 87 98 Code
3307 1894 27 99 de
3380 1894 121 99 justice

484 1976 180 89 militaire,
699 1976 27 89 et
754 1976 42 89 les
837 1975 118 91 pièces
997 1975 83 91 dont
1108 1975 21 92 la
1170 1975 132 92 lecture
1344 1975 48 93 lui
1427 1975 0 93 a
1469 1974 83 94 paru
1594 1974 236 95 nécessaire,
1857 1974 0 95 a
1899 1974 55 96 fait
2010 1974 187 97 connaître
2239 1974 0 97 a
2280 1973 188 99 l'accusé
2551 1973 42 99 les
2627 1973 77 100 faits
2738 1973 0 100 à
2787 1973 111 100 raison
2946 1972 167 102 desquels
3161 1972 14 102 il
3231 1972 76 103 est

466 2047 275 100 poursuivi,
775 2048 21 85 et
830 2049 76 84 lui
988 2050 0 84 a
1037 2050 144 85 donné,
1208 2051 90 85 ainsi
1339 2052 96 84 qu'au
1546 2054 275 85 défenseur,
1855 2056 317 85 l'avertissement
2206 2058 151 84 indiqué
2405 2060 28 82 en
2481 2060 145 84 l'article
2674 2061 62 83 121
2784 2062 103 83 dudit
2921 2063 124 83 Code;

525 2122 107 99 Après
674 2123 108 99 quoi,
810 2124 21 98 il
860 2124 0 98 a
910 2124 143 98 procédé
1096 2125 0 97 à
1138 2126 307 97 l'interrogatoire
1495 2128 29 95 de
1574 2128 178 96 l'accusé
1852 2130 29 94 et
1916 2130 0 94 a
1966 2130 57 95 fait
2059 2131 179 94 entendre
2280 2132 300 94 publiquement
2623 2134 21 92 et
2680 2134 243 93 séparément
2958 2136 43 91 les
3044 2136 164 91 témoins
3251 2138 0 89 à
3294 2138 121 90 charge
3451 2139 43 89 (1)

1018 2204 0 92 ;
1049 2204 126 93 lesdits
1206 2205 157 92 témoins
1407 2206 100 92 ayant
1551 2206 31 92 au
1626 2207 182 92 préalable
1852 2207 88 93 prêté
1984 2208 169 93 serment
2191 2209 31 92 de
2266 2209 113 93 parler
2423 2210 75 92 sans
2542 2210 100 93 haine
2686 2211 19 92 et
2749 2211 75 92 sans
2862 2211 163 93 crainte,
3056 2212 69 92 juré
3175 2213 25 92 de
3244 2213 63 92 dire
3351 2213 88 93 toute
3470 2214 19 92 la

464 2278 99 99 vérité
599 2277 28 100 et
663 2276 64 101 rien
770 2275 57 102 que
869 2274 15 103 la
926 2272 129 105 vérité;

527 2527 26 97 Et
587 2526 17 99 le
655 2525 188 107 Président
886 2525 128 112 ayant,
1048 2524 26 115 en
1125 2523 128 120 outre,
1296 2523 137 118 rempli
1476 2522 0 113 à
1527 2522 77 111 leur
1646 2521 94 109 égard
1783 2521 43 120 les
1869 2520 205 125 formalités
2116 2544 197 100 prescrites
2347 2544 60 102 par
2441 2544 43 97 les
2526 2544 137 93 articles
2706 2525 68 123 317
2825 2538 26 109 et
2894 2532 68 113 319
3013 2527 35 115 du
3099 2531 94 109 Code
3244 2537 239 99 d'instruction

458 2599 239 95 criminelle;

499 2670 72 132 (2)

520 2959 241 357 Ainé
905 2961 0 356 e
977 2962 24 355 le
1073 2998 96 319 recé
1241 3090 217 227 derie
1506 3231 24 86 ie
1578 3227 48 91 ies
1674 3204 721 115 iesiiieieisiasise
2515 3149 505 170 1).
3333 3196 188 124 Greil.

500 3306 274 115 coupable
875 3306 47 99 du
1000 3306 102 99 fait
1219 3306 156 100 relevé
1469 3306 148 100 contre
1719 3306 78 100 lui
1914 3306 156 100 dans
2156 3303 195 104 l'ordre
2461 3303 31 104 de
2601 3326 141 81 mines
2812 3326 47 81 en
2960 3326 344 82 jugement
3390 3326 39 82 et
3499 3301 86 107 qu'il

508 3402 63 130 lui
665 3394 84 153 soit
822 3394 105 153 fait
1042 3391 356 150 application
1471 3392 73 117 des
1638 3392 220 107 articles
1963 3390 136 115 231-
2172 3397 95 109 232
2392 3397 63 112 et.
2507 3391 95 125 234
2738 3404 62 108 du
2874 3386 125 131 Code
3073 3408 41 129 de
3198 3386 168 151 Justice
3439 3398 153 132 Militaire

443 3749 30 127 et
549 3750 212 134 l'accusé
847 3776 78 102 dans
1126 3760 78 109 ses
1387 3778 126 100 moyens
1560 3775 29 105 de
1637 3772 174 115 défense,
1839 3784 68 105 tant
1944 3781 59 110 par
2137 3762 116 125 clui
2473 3798 58 98 que
2579 3803 58 95 par
2723 3777 98 118 son
2916 3782 280 119 défenseur,
3233 3772 165 121 lesquels
3435 3775 49 111 ont

443 3867 138 84 déclaré
625 3869 125 84 n'avoir
794 3870 63 84 rien
901 3871 0 83 à
945 3871 132 85 ajouter
1120 3872 0 85 à
1164 3873 94 85 leurs
1315 3874 132 86 moyens
1490 3875 26 86 de
1559 3876 176 88 défense,
1766 3878 25 86 et
1829 3878 57 87 ont
1923 3879 31 87 eu
1998 3879 13 88 la
2055 3880 119 89 parole
2212 3881 44 88 les
2293 3882 195 90 derniers,
2525 3884 19 89 le
2588 3884 194 91 Président
2826 3886 0 90 a
2870 3886 132 92 déclaré
3052 3888 38 91 les
3134 3888 125 93 débats
3297 3890 181 93 terminés,

450 3952 22 76 et
505 3952 17 76 il
555 3953 0 75 a
599 3953 155 77 ordonné
799 3954 27 77 au
931 3954 194 80 défenseur
1241 3956 23 79 et
1297 3956 0 79 à
1352 3956 183 81 l'accusé
1646 3958 27 81 de
1718 3958 16 81 se
1784 3958 144 83 retirer.

504 4170 273 113 L'accusé
869 4192 1 93 a
1013 4196 34 91 été
1089 4178 196 113 reconduit
1377 4201 59 92 par
1470 4181 162 115 l'escorte
1674 4191 1 105 à
1716 4200 17 97 la
1775 4191 144 109 prison;
1953 4200 26 101 le
2021 4195 272 110 Commissaire
2335 4193 35 113 du
2402 4203 348 109 Gouvernement,
2784 4218 17 94 le
2843 4191 154 124 Greffier
3038 4202 25 114 et
3097 4223 43 92 les
3173 4211 187 100 assistants
3402 4195 69 107 dans

442 4262 204 90 l'auditoire
688 4267 24 85 se
748 4268 78 85 sont
862 4270 120 84 retirés
1018 4273 54 82 sur
1108 4274 222 83 l'invitation
1372 4279 36 78 du
1450 4281 192 78 Président
1666 4284 72 76 (4);

507 4353 32 79 Le
589 4352 146 82 Conseil
773 4350 203 85 délibérant
1014 4350 0 86 à
1058 4349 70 87 huis
1172 4348 90 89 clos,
1292 4347 20 91 le
1356 4349 190 90 Président
1577 4360 0 79 a
1622 4353 76 87 posé
1748 4350 45 91 la
1964 4354 291 90 question,
2293 4357 311 89 conformément
2654 4361 0 86 à
2711 4362 152 86 l'article
2914 4367 63 82 132
3034 4370 38 79 du
3123 4372 95 78 Code
3275 4376 25 75 de
3351 4378 114 74 justice

463 4432 179 87 militaire,
678 4432 90 83 ainsi
804 4432 83 80 qu'il
923 4432 102 78 suit:

1213 4462 33 140 Le
1370 4462 180 160 soldat
1663 4462 449 163 Polanchard
2247 4489 192 140 adrien
2506 4467 203 162 Georget
2799 4503 33 109 de
2922 4476 281 153 l'atelier
3282 4480 34 149 de
3395 4467 190 162 Trasans

472 4589 259 141 publics
801 4614 60 115 n^o
940 4610 0 118 L
1050 4592 80 115 est
1209 4592 30 115 il
1339 4592 329 136 coupable
1777 4604 50 108 de
1917 4596 348 139 Désertion
2345 4623 0 99 à
2465 4599 428 138 l'intérieur
2983 4629 60 90 en
3162 4605 180 136 temps
3421 4599 50 125 de

498 4718 192 130 quarre
786 4733 135 121 pour
1036 4715 193 132 s'être
1334 4714 250 134 absenté
1767 4717 164 137 sans
2027 4721 558 132 autorisation,
2662 4741 48 111 de
2825 4752 96 98 son
2989 4718 481 139 détuchément
3537 4718 0 113 à

520 4850 397 133 Broconit
970 4850 418 142 (Mense),
1472 4847 67 116 du
1622 4847 56 116 16
1761 4847 260 143 Janvier
2114 4856 193 133 1917,
2360 4877 129 106 jour
2563 4877 33 92 de
2692 4843 343 142 l'absence
3119 4840 333 139 constatée
3547 4866 33 101 du

518 4966 51 155 23
645 4974 254 169 Janvier
975 4970 203 176 1917,
1241 5005 141 140 jour
1481 4973 41 141 de
1621 5002 53 135 sa
1784 4980 448 168 présentation
2318 4986 356 160 volontaire
2749 5015 1 116 à
2825 4987 39 173 la
2939 4986 217 177 prévôté
3231 4987 39 164 de
3332 4989 27 178 la
3408 4990 65 173 29^e
3497 4991 88 142 fliriel

490 5201 38 51 (1)
567 5201 27 50 Et
622 5201 0 49 à
664 5201 146 49 décharge
849 5201 55 47 (s'il
939 5201 4 46 y
974 5201 24 45 en
1037 5201 38 45 a).

493 5231 42 90 (2)
569 5232 146 90 Indiquer
750 5233 14 90 si
792 5234 41 89 des
868 5235 125 90 témoins
1028 5236 48 89 ont
1104 5237 35 89 été
1174 5237 146 91 entendus
1354 5239 64 89 sans
1444 5240 168 90 prestation
1645 5242 23 89 de
1701 5242 154 90 serment,
1881 5244 23 89 et
1930 5244 71 90 pour
2041 5245 65 90 quel
2145 5246 79 90 motif
2242 5247 2 89 ;
2263 5247 65 90 dire
2354 5248 49 89 que
2438 5249 35 89 les
2500 5249 98 90 pièces
2626 5250 27 90 de
2681 5251 202 91 conviction,
2910 5253 42 89 s'il
2980 5254 0 89 y
3008 5254 20 89 en
3063 5254 35 90 a,
3119 5255 48 89 ont
3195 5256 28 89 été
3258 5256 208 91 représentées.

440 5289 175 81 Indiquer,
638 5292 19 78 en
698 5292 103 81 outre,
830 5294 37 80 ses
896 5295 152 81 incidents
1083 5297 43 80 qui
1155 5298 49 81 ont
1233 5299 31 80 pu
1299 5300 19 80 ce
1352 5300 170 83 produire,
1556 5303 20 81 en
1622 5304 86 82 ayant
1742 5305 56 82 soin
1832 5306 26 82 de
1892 5307 135 84 préciser
2061 5309 2 82 à
2103 5310 62 83 quel
2211 5313 128 82 moment
2367 5320 32 76 du
2439 5320 86 78 débat
2559 5320 32 79 ils
2631 5320 44 80 ont
2715 5320 25 81 en
2775 5321 85 82 lieu,
2889 5323 37 81 ses
2968 5324 205 84 conclusions
3208 5327 43 82 des
3280 5328 121 83 parties,
3430 5330 29 82 les

442 5364 211 71 réquisitions
680 5364 35 72 du
760 5364 148 74 ministère
941 5364 121 76 public,
1089 5364 35 77 les
1168 5364 109 78 moyens
1310 5364 24 79 de
1367 5364 120 81 défense
1520 5364 154 83 présentés
1707 5367 47 81 par
1780 5373 161 78 l'accusé,
1962 5384 25 67 et
2013 5384 76 68 enfin
2121 5384 19 69 le
2172 5384 161 71 jugement
2376 5384 92 73 motivé
2502 5384 28 74 du
2564 5384 148 76 Conseil.
2735 5384 79 77 Dans
2848 5384 17 78 le
2899 5384 40 79 cas
2967 5384 29 79 où
3030 5384 17 80 le
3075 5384 85 81 blanc
3194 5388 80 79 laisse
3308 5395 28 73 ici
3370 5392 17 76 ne
3416 5388 43 81 suf-

442 5412 82 97 firait
556 5412 43 102 pas
631 5415 70 98 pour
761 5415 118 97 insérer
904 5418 104 92 toutes
1027 5420 42 89 ces
1116 5422 164 86 mentions,
1307 5425 28 84 on
1361 5425 83 87 devra
1470 5429 144 87 indiquer
1633 5432 165 88 l'incident
1823 5435 16 86 et
1864 5435 16 87 le
1919 5435 124 91 moment
2068 5439 30 88 du
2137 5439 83 91 débat
2300 5442 16 90 il
2341 5442 63 93 s'est
2429 5446 159 93 produit,
2613 5446 23 94 en
2668 5446 137 98 ajoutant
2845 5446 69 101 qu'il
2947 5446 1 102 y
2988 5447 1 100 a
3036 5447 35 99 été
3104 5448 96 96 statué
3240 5450 42 90 par
3315 5450 134 88 jugement

438 5486 127 70 séparé,
594 5488 103 70 lequel
726 5489 43 70 est
798 5490 73 71 joint
900 5491 19 71 et
954 5492 109 72 annexé
1097 5494 26 71 au
1157 5494 146 74 présent,
1331 5496 20 73 et
1379 5497 74 73 alors
1475 5498 20 73 le
1523 5498 158 76 jugement
1709 5500 104 76 séparé
1847 5502 56 75 doit
1931 5503 147 77 indiquer
2106 5505 20 76 la
2160 5506 152 78 publicité
2346 5508 26 77 de
2400 5508 200 81 l'audience,
2622 5511 20 78 se
2676 5511 151 81 terminer
2856 5513 49 80 par
2928 5514 19 80 la
2994 5515 85 81 même
3108 5516 133 83 formule
3270 5518 19 82 et
3312 5519 49 82 être
3390 5519 59 83 signé

439 5548 28 69 de
493 5549 21 69 la
561 5550 83 71 même
690 5551 124 73 manière
854 5553 48 73 que
935 5554 22 73 le
982 5555 165 76 jugement
1179 5557 179 79 principal,
1383 5560 23 77 en
1458 5561 213 81 mentionnant
1703 5564 70 81 qu'il
1799 5565 2 80 y
1833 5565 56 82 sera
1928 5566 111 84 annexé
2071 5568 117 85 comme
2220 5570 23 85 en
2282 5571 110 87 taisant
2425 5573 117 88 partie.
2567 5574 30 88 En
2629 5575 42 89 cas
2704 5576 22 89 de
2758 5577 178 92 suspension
2975 5579 172 95 d'audience
3192 5582 16 93 et
3247 5583 22 93 de
3302 5583 104 96 remise
3432 5585 17 95 au

432 5599 215 94 lendemain,
672 5602 20 92 la
743 5602 117 94 mention
905 5605 46 93 qui
976 5605 137 95 constate
1144 5609 72 92 cette
1247 5612 105 91 remise
1383 5616 41 89 est
1454 5616 99 90 signée
1584 5619 47 89 par
1661 5619 15 89 le
1713 5619 164 92 Président
1907 5624 15 88 et
1953 5626 21 87 le
2004 5626 132 89 Greffier
2166 5629 184 89 seulement.

484 5670 41 83 (3)
557 5671 150 85 Indiquer
744 5674 19 82 si
790 5675 36 82 les
852 5676 206 85 réquisitions
1090 5680 127 84 tendent
1249 5683 2 81 à
1283 5683 19 82 la
1334 5684 189 84 déclaration
1560 5688 25 81 de
1617 5689 183 84 culpabilité
1833 5693 41 81 et,
1901 5694 70 81 dans
2003 5695 19 81 ce
2059 5696 65 82 cas,
2144 5698 36 81 les
2212 5699 121 82 articles
2365 5702 25 80 de
2428 5703 36 80 loi
2501 5704 70 81 dont
2603 5706 223 83 l'application
2853 5710 41 80 est
2926 5711 190 82 demandée.

483 5735 43 86 (4)
559 5736 55 86 S'il
641 5738 2 85 y
682 5738 2 86 a
723 5739 49 86 une
805 5741 149 87 chambre
987 5744 43 85 des
1064 5745 248 89 délibérations,
1339 5749 26 86 on
1416 5751 95 86 mettra
1545 5753 49 86 que
1627 5754 19 85 le
1686 5755 148 87 Tribunal
1862 5758 66 86 s'est
1955 5759 85 87 retiré
2073 5761 72 87 dans
2172 5763 20 85 la
2225 5764 149 87 chambre
2407 5767 43 86 des
2483 5768 238 89 délibérations.

681 5850 123 68 Conseil
830 5850 25 69 de
888 5850 117 71 guerre.
1037 5850 2 72 -
1101 5850 30 74 N^o
1158 5850 60 75 967
1250 5850 25 76 de
1308 5850 19 77 la
1359 5850 244 82 Nomenclature
1635 5850 163 86 générale.
1825 5853 2 83 -
1882 5853 146 87 Formule
2061 5856 25 85 n^o
2118 5857 25 85 16.
