3630 6123
551 320 155 114 Enjoint
738 325 32 102 au
811 312 274 113 Commissaire
1124 315 34 100 du
1205 318 316 97 Gouvernement
1560 314 25 101 de
1625 310 81 105 faire
1746 317 146 98 donner
1924 315 339 100 immédiatement
2302 313 26 102 en
2375 311 17 104 sa
2440 305 162 110 présence
2641 302 139 113 lecture
2819 311 41 104 du
2900 300 154 115 présent
3085 306 203 109 jugement
3328 316 57 99 au

565 422 335 78 condamné
1055 419 125 81 devant
1216 418 19 82 la
1278 417 100 83 garde
1420 415 218 85 rassemblée
1681 413 75 87 sous
1793 413 44 87 les
1879 411 138 89 armes,

511 504 0 76 e

686 493 128 86 avertir
859 489 61 91 que
952 486 22 94 la
1011 484 41 97 loi

490 571 85 105 pour
612 570 24 100 se
672 563 178 105 pourvoir
886 561 32 97 en
962 556 154 105 revision
1137 554 43 111 (2)

1270 475 148 105 accorde
1460 472 35 107 un
1537 467 88 106 délai
1667 465 27 99 de
1727 460 87 118 trois
1856 460 97 121 jours
1985 467 122 114 francs
2149 462 87 115 pour
2270 460 27 97 se
2339 455 173 118 pourvoir
2554 462 27 105 en
2623 452 183 119 cassation
2831 453 69 118 (1),
2934 457 35 101 ou
3012 460 34 94 de
3098 449 250 107 vingt-quatre
3400 463 100 94 heure

549 710 111 119 Fair,
686 711 65 115 clos
796 727 19 97 et
851 727 74 96 jugé
961 727 74 94 sans
1070 706 267 113 désemparer,
1363 693 29 120 en
1437 691 120 120 séance
1601 686 212 122 publique,
1839 685 1 118 à
1894 680 459 124 Bar-l-Oue,
2380 683 46 126 les
2462 673 111 130 jour,
2618 682 74 113 mois
2727 703 20 93 et
2792 704 28 93 an
2865 704 56 95 que
2965 704 144 98 dessus.

548 877 39 89 En
628 877 292 88 conséquence,
948 875 23 86 LE
1014 854 205 106 PRÉSIDENT
1261 863 31 94 DE
1341 867 23 89 LA
1414 850 227 105 RÉPUBLIQUE
1684 854 110 97 MANDE
1844 857 30 92 et
1916 859 162 89 ORDONNE
2129 863 0 83 à
2187 850 73 95 tous
2310 843 175 101 huissiers
2529 853 58 88 sur
2638 850 22 89 ce
2718 841 117 97 requis
2893 842 29 94 de
2987 850 110 85 mettre
3148 836 87 97 ledit
3286 841 189 102 jugement
3511 856 0 89 à

486 950 221 94 exécution;
748 948 58 93 aux
855 943 227 97 Procureurs
1131 938 178 99 généraux
1371 936 23 99 et
1435 934 58 100 aux
1548 929 228 104 Procureurs
1832 927 29 103 de
1902 926 23 103 la
1980 921 242 108 République
2271 923 79 103 près
2391 925 44 99 les
2484 927 205 97 tribunaux
2746 915 28 106 de
2831 915 177 105 première
3065 915 163 103 instance
3277 918 43 97 d'y
3369 921 85 94 tenir
3497 924 14 89 la

508 1025 102 103 main;
636 1024 2 102 à
679 1023 81 102 tous
794 1018 293 105 commandants
1122 1017 23 101 et
1179 1014 158 103 officiers
1379 1013 30 100 de
1444 1012 22 100 la
1508 1010 87 101 force
1644 1007 172 101 publique
1865 1006 30 99 de
1936 1003 116 100 prêter
2115 999 187 101 main-forte
2344 996 186 100 lorsqu'ils
2572 995 30 97 en
2644 993 122 98 seront
2794 989 236 99 légalement
3065 986 146 98 requis.

553 1153 38 105 En
631 1153 45 103 foi
709 1156 30 99 de
780 1156 79 98 quoi
893 1156 22 96 le
950 1156 149 95 présent
1134 1156 192 92 jugement
1360 1156 1 88 a
1403 1156 43 87 été
1481 1156 93 86 signé
1615 1156 58 83 par
1707 1156 44 82 les
1785 1156 192 80 Membres
2019 1156 36 76 du
2096 1156 150 75 Conseil
2281 1156 22 72 et
2337 1156 51 71 par
2429 1156 22 69 le
2486 1156 185 68 Greffier.

1270 1463 60 183 +

2341 1296 14 125 +

2427 1556 22 145 +

3072 1668 29 121 +

3138 1277 62 139 +e

549 1887 72 107 L'an
677 1885 48 98 mil
757 1887 80 101 neuf
877 1891 160 109 centdix
1077 1897 88 103 sept
1237 1884 17 104 le
1318 1882 64 94 dix
1462 1886 96 90 mard
1630 1890 24 103 le
1694 1891 144 100 présent
1870 1896 192 89 jugement
2102 1898 0 78 à
2142 1898 40 76 été
2222 1898 24 85 lu
2294 1898 56 88 par
2390 1898 112 91 nous,
2534 1877 160 111 Greffier
2727 1881 224 105 soussigné,
2983 1888 56 94 au
3103 1877 320 104 condamné

575 1962 388 119 Blanchard

1584 1975 112 83 averti
1736 1975 53 84 par
1822 1974 20 85 le
1888 1973 264 87 Commissaire
2199 1972 33 88 du
2278 1971 317 90 Gouvernement
2628 1970 60 92 que
2734 1969 146 93 l'article
2933 1969 33 93 44
3025 1968 27 95 de
3105 1968 19 95 la
3171 1967 46 96 loi
3263 1967 33 96 du
3349 1967 33 97 17
3435 1966 72 98 avril

491 2044 109 95 1906,
630 2041 145 98 accorde
812 2041 80 98 trois
935 2041 95 97 jours
1074 2041 87 97 pour
1197 2041 22 97 se
1263 2041 175 97 pourvoir
1481 2041 22 97 en
1554 2041 175 97 cassation
1765 2041 73 97 (1),
1867 2041 37 96 ou
1947 2041 59 96 que
2042 2041 44 96 les
2122 2041 146 96 articles
2312 2041 65 96 141
2421 2041 22 96 et
2479 2041 58 96 143
2588 2041 37 96 du
2668 2041 95 96 Code
2799 2041 29 95 de
2872 2041 124 95 justice
3061 2041 153 95 militaire

482 2125 200 89 accordent
722 2124 247 90 vingt-quatre
1009 2123 133 91 heures
1182 2123 80 91 pour
1302 2123 20 91 se
1369 2122 173 92 pourvoir
1582 2122 27 92 en
1656 2121 147 93 revision
1836 2121 73 93 (2),
1936 2120 160 94 lesquels
2136 2119 274 95 commencent
2456 2119 0 95 à
2516 2118 114 96 courir
2676 2118 27 96 de
2750 2117 233 97 l'expiration
3030 2117 33 97 du
3110 2116 147 98 présent
3297 2115 93 99 jour.
3424 2115 66 99 Ceti

475 2202 139 111 lecture
655 2201 73 112 faite
769 2200 24 106 en
842 2197 172 116 présence
1054 2197 25 88 de
1120 2196 24 89 la
1185 2194 98 102 garde
1323 2191 229 111 rassemblée
1584 2190 82 97 sous
1699 2189 40 100 les
1780 2187 139 108 armes.

1153 2313 38 98 Le
1229 2313 258 111 Commissaire
1525 2318 30 99 du
1600 2319 318 95 Gouvernement,

2679 2316 34 118 Le
2752 2317 146 111 Greffier,

471 2741 293 49 +)
831 2741 254 53 eovood

403 2762 58 136 du
555 2763 58 157 23
695 2765 222 163 Janvier
964 2767 104 168 1915

1817 2773 441 138 ÉCUTOIRE

1945 2871 0 36 +

1749 2794 0 118 +

546 3130 37 97 Vu
619 3125 26 101 la
680 3112 209 114 procédure
913 3114 172 108 instruite
1133 3109 111 110 contre
1280 3126 25 91 le
1427 3046 221 169 soldat
1878 3024 675 184 Blanchard

477 3217 20 112 et
539 3216 36 93 les
617 3215 80 91 frais
740 3214 133 126 d'icelle
914 3213 81 127 dont
1028 3213 19 100 le
1098 3212 107 118 détail
1238 3211 102 121 suit:

721 3328 21 100 1^o
778 3326 78 102 Coût
884 3344 28 84 du
941 3326 163 102 transport
1132 3326 42 102 des
1210 3325 92 103 pièces
1337 3325 21 103 et
1387 3324 92 104 objets
1514 3323 135 105 pouvant
1677 3323 92 105 servie
1804 3324 0 104 à
1840 3323 170 105 conviction
2045 3343 28 85 ou
2116 3331 0 97 à
2151 3323 595 105 décharge.................
2795 3350 128 78 ......

719 3411 24 92 2^o
781 3411 192 92 Honoraires
1004 3411 43 92 des
1072 3411 131 92 officiers
1240 3411 18 92 de
1289 3411 106 92 santé,
1438 3411 162 92 médecins,
1625 3411 198 92 chirurgiens
1854 3411 99 92 civils,
1984 3411 261 92 sages-femmes,
2270 3411 143 92 experts,
2431 3411 217 92 interprètes,
2667 3411 211 92 traducteurs
2909 3411 12 92 et

818 3476 122 71 autres,
966 3477 121 71 appelés
1119 3477 21 71 en
1172 3477 1756 74 justice..................................................................

723 3527 23 82 3^o
780 3527 190 82 Indemnités
1010 3527 155 83 accordées
1199 3527 46 83 aux
1279 3527 138 83 témoins
1452 3527 80 83 civils
1561 3527 17 83 et
1624 3527 1301 85 militaires..............................................

722 3592 25 92 4^o
784 3592 81 91 Frais
896 3592 25 91 de
952 3592 87 90 garde
1076 3592 25 90 de
1132 3592 99 89 scellés
1268 3592 19 88 et
1318 3592 62 88 ceux
1417 3592 25 87 de
1492 3592 56 87 mise
1579 3592 25 86 en
1647 3592 1274 86 fourrière.............................................

721 3656 27 68 5^o
782 3656 193 71 Indemnités
1009 3657 27 70 de
1064 3658 105 70 route,
1197 3658 28 71 de
1258 3658 160 73 transport
1452 3659 16 72 et
1501 3660 23 72 de
1557 3660 122 73 séjour,
1701 3660 160 75 accordées
1906 3661 44 75 aux
2000 3662 138 76 membres
2177 3663 39 75 des
2249 3663 166 77 tribunaux
2465 3664 149 78 militaires
2642 3665 72 78 pour
2747 3665 39 79 les
2819 3666 105 79 dépla-

821 3718 132 85 cements
987 3719 144 84 auxquels
1166 3720 212 82 l'instruction
1419 3721 46 81 des
1499 3721 190 81 procédures
1723 3722 69 79 peut
1827 3723 115 78 donner
1976 3724 81 77 lieu,
2091 3724 81 77 ainsi
2206 3725 46 75 que
2292 3725 98 75 toutes
2424 3726 98 74 autres
2562 3726 150 74 dépenses
2746 3727 178 72 nécessitées

821 3779 22 81 de
881 3779 17 81 ce
930 3779 1995 81 chef..............................................................................

730 3840 26 95 6^o
788 3840 64 95 Port
891 3841 38 94 des
961 3842 103 93 lettres
1102 3842 19 93 et
1153 3843 129 92 paquets
1314 3844 70 91 pour
1423 3844 243 91 l'instruction,
1705 3846 64 89 sauf
1801 3847 19 88 le
1865 3847 64 88 port
1968 3848 45 87 des
2045 3848 109 87 lettres
2186 3849 147 86 résultant
2378 3851 26 84 de
2442 3851 218 84 l'application
2699 3853 19 82 de
2763 3853 13 82 la
2814 3853 39 82 loi
2891 3854 32 81 du

823 3908 23 75 15
888 3908 53 76 juin
977 3908 1952 88 1899............................................................................

732 3962 25 89 7^o
788 3962 79 89 Frais
898 3966 215 86 l'impression
1150 3967 36 85 des
1223 3967 111 85 arrêts,
1358 3969 178 83 jugements
1567 3970 18 82 et
1616 3971 221 82 ordonnances
1874 3973 24 80 de
1929 3974 129 79 justice,
2088 3975 92 78 quand
2217 3976 19 77 il
2266 3977 0 76 y
2303 3977 0 76 a
2340 3978 577 76 lieu..................

723 4027 25 92 8^o
779 4027 100 92 Prime
910 4028 25 91 de
972 4028 118 91 capture
1127 4029 44 90 des
1202 4029 193 90 contumax,
1420 4030 43 89 des
1494 4031 174 88 déserteurs
1699 4031 19 88 et
1749 4032 44 87 des
1824 4032 1100 87 insoumis......................................

729 4094 22 86 9^o
789 4092 75 87 Frais
894 4089 151 89 résultant
1075 4088 31 88 de
1136 4088 181 88 l'obtention
1354 4088 46 85 des
1430 4088 120 85 extraits
1581 4088 30 83 du
1648 4090 91 97 casier
1769 4085 1184 109 judiciaire.........................................
3021 4085 105 105 0.25

709 4153 48 75 10^o
794 4154 58 75 Prix
889 4154 31 75 du
952 4155 121 75 bulletin
1110 4156 26 74 n^o
1168 4156 0 74 1
1205 4156 15 74 et
1257 4157 27 74 du
1331 4157 153 75 duplicata
1521 4158 89 74 dudit
1637 4159 121 74 (décret
1795 4160 26 73 du
1863 4160 21 73 12
1932 4161 158 73 décembre
2127 4162 105 73 1899,
2264 4163 58 72 art.
2353 4163 569 75 13).....................

710 4211 47 92 11^o
791 4211 80 92 Coût
898 4211 40 93 des
978 4211 147 93 bulletins
1158 4211 27 93 n^o
1218 4211 0 93 1
1259 4211 20 94 et
1312 4211 27 94 du
1386 4211 153 94 duplicata
1579 4211 20 94 de
1640 4211 40 95 ces
1720 4211 147 95 bulletins
1894 4214 106 93 établis
2034 4214 47 93 par
2121 4214 33 93 les
2188 4214 133 93 greffiers
2355 4214 40 94 des
2435 4214 127 94 conseils
2595 4214 20 94 de
2656 4214 106 95 guerre
2796 4214 27 95 au
2856 4212 74 97 sujet

859 4275 39 76 des
931 4276 264 78 condamnations
1228 4279 192 78 prononcées
1453 4281 46 77 par
1532 4282 39 77 ces
1604 4282 126 79 conseils
1756 4284 126 79 (décret
1915 4285 26 78 du
1981 4286 26 78 12
2047 4287 165 79 décembre
2245 4288 105 80 1899,
2377 4290 53 79 art.
2463 4283 495 92 13)..................
3017 4279 86 98 0.55

709 4340 50 86 12^o
796 4341 81 86 Frais
908 4341 25 86 de
964 4342 167 87 procédure
1168 4343 31 86 ou
1230 4344 69 86 coût
1330 4344 31 87 du
1392 4345 1563 99 jugement........................................................
2992 4356 50 89 12^f
3067 4357 24 88 00

712 4400 49 86 13^o
797 4401 2132 99 Amende...................................................................................

710 4469 46 69 14^o
796 4470 137 70 Décimes
969 4472 213 70 additionnels
1217 4474 41 69 (en
1298 4475 1634 86 France)..............................................................

714 4520 43 89 15^o
799 4521 80 89 Frais
909 4522 61 89 fixes
1006 4522 25 89 de
1067 4523 164 89 procédure
1268 4524 103 89 devant
1402 4525 12 88 la
1450 4526 79 88 Cour
1560 4527 24 87 de
1620 4527 153 88 cassation
1809 4529 24 87 ou
1864 4529 18 87 le
1918 4529 122 88 Conseil
2070 4531 25 86 de
2131 4531 794 91 revision...........................

711 4592 50 81 16^o
794 4593 83 81 Frais
910 4594 67 81 fixes
1005 4594 27 81 de
1066 4595 172 81 procédure
1271 4596 105 81 devant
1404 4597 17 81 le
1454 4598 122 81 Conseil
1604 4599 27 80 de
1665 4599 105 81 guerre
1803 4600 128 81 jugeant
1958 4602 28 79 en
2019 4602 23 79 2^e
2075 4603 850 84 instance.............................

1522 4698 1408 125 TOTAL.....................................................
2983 4721 62 105 12.
3089 4721 40 108 80

558 4885 35 96 Vu
629 4887 26 102 le
690 4864 185 123 dispositif
919 4864 35 117 du
998 4870 194 120 jugement
1227 4864 185 121 définitif,
1439 4876 149 104 l'article
1632 4888 62 104 139
1738 4882 35 107 du
1809 4870 96 113 Code
1941 4867 35 123 de
2020 4899 132 98 justice
2214 4901 185 87 militaire,
2434 4901 26 89 le
2504 4901 194 97 Président
2742 4901 141 99 du-
3121 4874 149 125 Conseil
3314 4874 27 117 de
3394 4885 105 103 guerre

494 4963 222 98 permanent
747 4962 31 95 de
816 4960 16 96 la
885 4958 54 97 du
993 4956 38 98 Q.
1077 4968 39 85 G.
1154 4956 31 96 2e
1223 4963 154 99 Armée
1469 4966 138 104 liquide
1645 4964 46 90 les
1730 4960 77 94 frais
1845 4959 84 95 dont
1968 4970 92 97 l'état
2091 4975 46 96 est
2175 4966 169 106 ci-dessus
2382 4969 0 104 à
2421 4970 23 103 la
2482 4972 138 102 somme
2666 4976 23 98 de
2759 4979 168 96 Douze
3012 4967 192 110 francs
3281 4966 215 112 quatre-

517 5041 178 88 vingts
807 5044 319 82 Centimes
1253 5047 1 74 -
1627 5051 30 79 du
1719 5051 157 92 montant
1917 5053 29 90 de
1981 5054 155 90 laquelle
2179 5055 14 90 il
2235 5056 128 89 délivre
2412 5057 21 89 le
2476 5058 141 89 présent
2659 5059 242 89 exécutoire,
2941 5058 87 91 pour
3076 5056 23 93 le
3154 5049 276 101 recouvrement
3472 5048 22 81 de

489 5105 105 94 ladite
632 5107 144 94 Somme
821 5109 60 93 être
927 5110 196 96 poursuivi
1153 5113 53 94 sur
1244 5114 37 94 les
1319 5115 98 94 biens
1463 5117 158 95 présents
1659 5119 22 94 et
1719 5120 0 93 à
1765 5120 90 95 venir
1893 5122 38 94 du
2044 5124 302 98 condamné,
2384 5128 52 95 par
2474 5129 45 95 les
2557 5130 242 98 percepteurs
2844 5131 53 97 des
2935 5122 294 103 Contributions
3267 5119 162 97 directes.

558 5189 40 81 En
635 5187 285 88 conséquence,
950 5187 32 88 LE
1019 5185 208 94 PRÉSIDENT
1265 5185 24 95 DE
1334 5184 32 97 LA
1403 5184 231 100 RÉPUBLIQUE
1672 5187 108 99 MANDE
1833 5188 32 100 ET
1910 5190 162 100 ORDONNE
2124 5194 2 97 a
2177 5195 79 98 tous
2300 5197 178 99 huissiers
2531 5202 54 96 sur
2638 5204 24 95 ce
2715 5206 116 95 requis
2884 5209 31 93 de
2991 5208 109 95 mettre
3152 5204 86 93 ledit
3283 5198 178 95 jugement
3490 5215 1 71 à

489 5272 220 78 exécution;
755 5272 63 78 aux
864 5272 227 78 Procureurs
1145 5272 173 78 généraux
1371 5272 25 78 et
1442 5272 55 82 aux
1551 5272 227 98 Procureurs
1832 5272 32 92 de
1902 5272 24 86 la
1980 5272 243 102 République
2277 5272 71 98 près
2394 5272 48 97 les
2487 5272 197 95 tribunaux
2743 5272 26 96 de
2821 5272 190 109 première
3055 5272 167 106 instance
3274 5272 49 98 d'y
3360 5272 81 94 tenir
3477 5272 18 90 la

510 5340 108 80 main;
648 5342 1 79 à
692 5342 76 81 tous
805 5343 289 85 commandants
1137 5347 20 82 et
1194 5347 157 85 officiers
1388 5349 25 84 de
1457 5350 19 84 la
1514 5350 88 86 force
1646 5352 175 87 publique
1871 5354 26 87 de
1940 5354 113 89 prêter
2110 5356 201 91 main-forte
2348 5358 189 93 lorsqu'ils
2574 5361 25 91 en
2643 5361 126 93 seront
2806 5363 232 93 légalement
3082 5366 145 80 requis.

558 5408 75 106 Fait
665 5406 25 101 en
730 5403 26 94 la
796 5401 190 100 Chambre
1026 5408 34 97 du
1100 5403 149 111 Conseil
1280 5406 34 107 de
1354 5417 116 101 guerre
1510 5408 141 114 susdit,
1691 5411 1 91 à
1813 5421 92 105 Bas
1986 5420 18 83 le
2077 5412 280 108 Ouc,
2388 5434 18 97 le
2519 5419 35 107 10
2668 5434 132 107 mars
2888 5426 117 115 1917

2464 5568 25 102 Le
2535 5559 207 114 Président;

3172 5699 20 88 +

538 5701 40 81 (1)
613 5701 35 81 En
689 5701 134 80 France,
853 5701 23 80 en
917 5701 117 79 Algérie
1069 5701 17 79 et
1121 5701 23 79 en
1185 5701 111 78 Tunisie

536 5762 45 94 (2)
620 5762 52 86 Aux
704 5763 135 80 colonies
878 5764 20 80 et
930 5764 51 82 aux
1014 5764 125 86 armées.
