3572 6065
440 132 89 118 des
631 136 167 117 lops
935 142 357 122 Poiton,
1359 157 89 107 du
1585 169 175 108 même
1914 173 497 123 décactement

778 313 76 113 2o
956 333 2 93 -
1123 311 275 150 Lesdixs
1512 319 327 155 outrages
1963 341 118 136 ont
2173 335 76 112 ils
2331 345 65 114 eu
2530 335 128 115 lieu
2803 343 369 155 pendant

481 434 31 128 le
622 441 211 138 service

213 1380 54 115 Les
310 1380 63 118 voix
416 1378 212 127 recueillies
661 1388 275 126 séparément,
969 1391 312 133 conformément
1320 1408 5 118 à
1355 1408 155 123 l'article
1540 1426 66 108 131
1654 1429 40 108 du
1725 1426 92 114 Code
1857 1429 30 113 de
1927 1435 127 112 justice
2103 1435 189 119 militaire,
2314 1452 40 104 en
2385 1455 277 110 commençant
2693 1452 48 116 par
2772 1457 22 112 le
2825 1469 108 104 grade
2957 1486 205 94 inférieur,

158 1482 15 90 le
206 1484 184 100 Président
424 1489 102 98 ayant
560 1492 82 87 émis
683 1495 54 97 son
778 1497 151 80 opinion
967 1502 16 76 le
1029 1503 165 77 dernier,
1219 1508 23 79 le
1281 1509 151 101 Conseil
1464 1514 30 86 de
1532 1515 125 101 guerre
1695 1519 227 100 permanent
1953 1525 140 95 déclare

153 1653 72 111 sur
312 1644 23 122 le
471 1630 93 141 1^ere
641 1650 352 129 question:
1097 1677 5 104 à
1247 1659 711 165 l'nanimité
2181 1717 323 139 l'accusé
2589 1742 72 110 est
2780 1745 319 129 coupable

150 1863 84 107 sur
314 1855 33 111 la
467 1839 125 124 2^eme
641 1854 329 133 question:
1120 1863 5 125 à
1253 1867 698 162 l'nanimité
2171 1913 107 118 oui

376 2056 1 126 A
550 2058 60 145 la
806 2068 385 169 majorité
1340 2092 2 120 d
1455 2090 169 129 existe
1733 2097 89 134 des
1909 2109 493 166 circonstances
2537 2127 467 157 atténuantes

180 2641 60 113 Sur
271 2656 102 102 quoi,
405 2652 27 107 et
463 2649 152 115 attendu
647 2674 43 92 les
730 2673 244 101 conclusions
1014 2655 111 122 prises
1164 2667 52 113 par
1256 2664 19 117 le
1306 2662 279 127 Commissaire
1624 2675 36 116 du
1707 2692 319 109 Gouvernement
2065 2688 87 116 dans
2190 2719 45 88 ses
2282 2706 271 109 réquisitions,
2583 2704 29 112 le
2650 2698 195 125 Président
2875 2732 3 91 a
2909 2722 28 103 lu
2984 2717 19 110 le
3042 2727 87 103 texte

130 2750 27 88 de
185 2751 14 88 la
234 2752 62 89 loi,
331 2754 166 92 recueilli
531 2759 33 89 de
604 2761 167 91 nouveau
811 2766 45 88 les
896 2768 69 89 voix
1012 2770 81 90 dans
1127 2773 20 88 la
1182 2774 117 91 forme
1340 2778 172 92 prescrite
1553 2783 50 89 par
1638 2785 44 89 les
1723 2787 142 91 articles
1905 2791 63 89 131
2009 2794 26 88 et
2075 2795 63 89 134
2191 2798 32 88 du
2270 2800 93 89 Code
2410 2803 26 88 de
2483 2805 123 90 justice
2665 2809 154 91 militaire
2858 2814 88 89 pour
2986 2817 142 90 l'appli-

127 2814 94 85 cation
267 2817 24 83 de
324 2818 19 83 la
381 2820 124 84 peine.

178 2891 31 87 Le
245 2893 138 101 Conseil
411 2897 47 91 est
494 2899 115 91 rentré
644 2903 33 91 en
720 2905 122 98 séance
886 2909 213 99 publique,
1127 2915 17 89 le
1187 2917 190 98 Président
1413 2923 2 82 a
1451 2923 24 90 lu
1519 2925 47 97 les
1609 2928 115 96 motifs
1760 2931 62 93 que
1850 2921 206 106 précèdent
2084 2925 24 102 et
2144 2928 17 100 le
2197 2931 190 99 dispositif
2423 2934 213 98 ci-dessous.

177 2959 36 105 En
244 2959 279 113 conséquence,
555 2977 18 96 le
613 2968 155 110 Conseil
790 2973 52 107 (1)
882 2977 464 116 condamne,
1437 2986 3 109 à
1571 2995 599 119 l'unanimité
2301 3005 37 113 le
2410 3020 272 107 cavalier
2797 3013 330 126 Goudet

134 3059 423 121 susquatifié,
610 3086 2 86 à
719 3065 31 110 le
820 3094 139 102 peine
1067 3074 47 108 de
1231 3070 185 130 deux
1533 3084 139 114 ans
1789 3083 66 117 de
1953 3089 231 129 prison
2336 3126 95 102 aux
2547 3108 140 121 frais
2784 3104 195 126 envers
3050 3117 158 114 l'Etat

140 3159 32 94 et
239 3167 71 97 fixe
423 3182 56 91 au
600 3170 302 111 minimum
1023 3177 40 91 la
1161 3186 156 98 durée
1422 3190 41 105 de
1545 3191 25 95 la
1645 3191 363 102 contrainte
2106 3203 87 95 par
2275 3208 151 96 corps.

303 3266 28 106 Le
396 3274 128 98 tout
623 3271 103 118 par
826 3275 338 121 application
1247 3281 78 102 des
1407 3288 221 100 articles
1727 3289 153 125 224,
1937 3313 95 103 139
2123 3314 52 103 du
2249 3315 112 98 code
2434 3315 44 108 de
2544 3315 187 102 Justice
2864 3315 339 115 militaire,
3235 3332 1 94 1

133 3367 27 94 de
210 3363 27 103 la
305 3360 53 115 loi
425 3369 54 111 du
554 3383 37 104 19
658 3366 200 116 Juillet
951 3381 114 108 1901
1114 3377 149 116 (loi
1321 3384 63 99 du
1451 3391 36 109 27
1554 3380 149 113 Avril
1769 3387 183 119 1916),
2011 3394 45 113 et
2131 3386 2 118 9
2192 3399 45 102 de
2304 3390 28 105 la
2407 3399 71 118 Loi
2528 3416 54 101 du
2666 3416 45 101 22
2804 3402 183 115 juillet
3062 3419 186 98 1867.

372 3457 58 109 Les
484 3457 194 114 articles
756 3471 354 108 appliqués,
1156 3477 122 106 dont
1364 3484 34 101 le
1492 3477 290 116 Président
1868 3502 2 92 a
1964 3484 434 121 publiquement
2492 3508 202 103 donné
2780 3505 266 113 leure,
3092 3528 130 93 sont

134 3561 138 92 ainsi
352 3561 262 99 conçus:

324 3650 147 109 Art.
522 3643 88 110 224
731 3645 261 127 C.J.MM.
1104 3649 140 120 Tout
1374 3656 252 108 militaire
1728 3666 81 113 qui
1902 3656 271 119 pendant
2293 3652 28 115 le
2380 3653 166 127 service
2657 3658 63 128 où
2770 3661 2 125 à
2866 3662 322 124 l'occasion

134 3763 52 82 du
254 3765 209 81 service,
523 3769 239 99 outrage
845 3774 75 91 son
1024 3760 270 102 supérieur
1391 3760 82 96 par
1556 3760 239 110 paroles,
1855 3763 157 104 gestes
2079 3779 38 76 ou
2229 3775 284 85 menaces,
2566 3774 52 88 est
2715 3771 157 94 puni
2940 3769 164 99 de..
3164 3767 120 104 cinq

122 3871 77 80 ans
299 3871 0 90 à
406 3871 77 88 dix
559 3871 85 83 ans
728 3851 39 98 de
859 3851 230 108 travaux
1188 3857 215 92 publics
1503 3853 84 89 s'il
1664 3861 61 81 est
1833 3859 99 98 sons
1986 3851 238 114 officier,
2262 3851 261 111 caporale
2584 3856 253 106 brigadir
2914 3862 54 93 ou
3029 3864 222 89 soldet.

304 3961 146 105 Art.
498 3955 1 110 1
595 3953 49 111 Loi
721 3952 69 123 du
847 3961 39 132 19
944 3953 194 136 Juillet
1205 3950 108 140 1901
1379 3956 137 134 (Loi
1593 3946 78 128 du
1757 3960 50 115 27
1874 3954 146 128 avril
2096 3946 176 133 1916)
2348 3956 127 94 tous
2552 3946 59 109 les
2678 3947 349 130 tribunaux
3123 3941 287 129 militaires

105 4083 0 91 «
145 4083 24 90 de
233 4083 232 89 l'armée
545 4083 40 85 de
625 4083 248 85 terre..-
937 4083 280 95 pourront
1297 4083 0 84 à
1409 4075 360 99 l'aveur...
1808 4060 49 100 en
1936 4069 169 102 tempe
2160 4056 41 101 de
2265 4077 264 91 guerre,
2585 4054 272 112 admettre
2928 4047 73 117 des
3056 4056 350 101 circonstances

140 4164 329 113 atténuantes
544 4166 1 113 à
628 4167 93 115 tous
796 4169 52 107 les
906 4153 186 116 crêmes
1150 4152 34 114 et
1268 4151 177 123 délits
1520 4152 279 110 réprimés
1882 4148 111 114 tout
2084 4143 85 121 par
2227 4142 43 111 les
2337 4145 135 116 codes
2572 4152 35 105 de
2682 4150 169 97 purtice
2976 4135 389 111 militaire....

152 4275 19 91 si
241 4274 32 91 la
349 4273 126 91 peine
564 4273 57 90 cet
710 4272 101 90 celle
900 4271 64 90 des
1033 4270 241 90 travane
1369 4268 279 90 publics,
1693 4268 25 87 le
1794 4267 222 88 conseil
2099 4266 44 87 de
2232 4265 171 87 guerre
2510 4263 387 87 appliquere
3023 4262 65 85 un

139 4390 520 91 emprisonnement
761 4390 44 87 de
900 4390 120 82 deux
1141 4390 120 74 mois
1356 4390 0 68 à
1458 4390 126 82 cinnq
1654 4390 133 64 ans.

363 4486 186 103 Art.
590 4485 94 114 139
783 4475 60 117 C.
909 4478 228 107 J.M.
1229 4480 26 90 Le
1372 4468 320 113 jugement
1775 4474 94 97 qui
1969 4458 303 118 prononce
2389 4451 77 94 une
2549 4459 144 102 peine
2792 4457 178 106 contre
3053 4447 262 98 l'accusé

148 4568 25 95 le
263 4583 334 101 condamne
694 4595 90 87 aux
874 4565 130 121 frais
1094 4573 187 109 envers
1371 4565 261 111 l'Eas...

350 4685 62 114 Loi
483 4690 71 107 du
634 4697 45 105 22
776 4678 196 125 Juillet
1051 4678 205 125 186).
1344 4676 133 115 art.
1513 4686 80 108 9.
1690 4676 27 120 Le
1815 4676 159 122 durée
2081 4684 35 115 de
2178 4672 27 99 la
2320 4670 338 116 contrainte
2764 4667 71 118 par
2915 4676 133 107 corps
3110 4684 62 97 est
3243 4680 142 114 réglée

137 4783 128 102 ainsé
337 4792 119 103 qu'il
535 4782 207 101 nit:
806 4789 40 98 de
933 4793 127 99 deux
1180 4792 135 88 jours
1418 4792 0 82 à
1537 4773 144 108 vingt
1783 4771 144 114 jours
2014 4778 191 102 loque
2284 4766 295 98 l'amende
2682 4775 32 90 et
2801 4771 57 95 les
2928 4765 184 103 autres

140 4875 500 118 condamnation
754 4874 342 116 n'excédent
1190 4868 100 116 pas
1375 4865 362 121 cinquante
1830 4863 196 111 francs

138 5690 117 60 ()Aaion
292 5690 58 61 soin
387 5690 31 62 de
442 5690 167 64 spécifier,
632 5690 46 65 s'il
707 5690 5 66 y
741 5690 5 66 a
775 5690 91 68 lieu,
893 5690 82 70 après
1002 5690 198 73 t'indication
1240 5690 21 73 de
1295 5690 14 74 la
1343 5690 81 76 peine
1465 5690 143 78 infligée,
1634 5690 15 79 la
1696 5690 130 81 décision
1873 5690 117 83 motivée
2023 5690 35 84 du
2091 5690 123 86 Conseil
2241 5690 123 89 relative
2411 5690 1 89 à
2452 5690 21 90 ma
2513 5690 267 94 non-imputation
2820 5695 69 91 pour
2929 5690 69 97 tout
3031 5690 27 98 ou

107 5715 62 93 artie
189 5717 30 96 de
233 5719 29 98 la
289 5721 151 107 détention
478 5745 176 94 préventive
681 5749 45 89 sur
768 5750 15 88 la
818 5751 88 87 durée
948 5753 23 84 de
1006 5755 15 82 la
1056 5755 80 82 peine
1171 5757 196 79 prononcée.
