3572 6065
217 1395 58 104 Les
315 1392 67 110 voix
422 1391 215 119 recueillies
676 1399 265 120 séparément,
980 1411 314 119 conformément
1325 1414 2 117 à
1365 1423 152 114 l'article
1554 1421 69 119 131
1660 1440 37 102 du
1734 1432 95 114 Code
1874 1429 29 119 de
1940 1439 126 114 justice
2120 1462 184 99 militaire,
2334 1465 28 97 en
2400 1466 274 106 commençant
2704 1469 53 105 par
2786 1470 29 106 le
2843 1471 103 109 grade
2975 1473 195 114 inférieur.

164 1478 18 113 le
213 1476 179 117 Président
432 1479 98 119 ayant
568 1482 83 114 émis
690 1488 58 92 son
787 1487 146 116 opinion
972 1501 18 98 le
1036 1492 165 107 dernier,
1230 1498 19 105 le
1286 1504 157 113 Conseil
1472 1503 27 107 de
1536 1514 124 111 guerre
1705 1529 221 97 permanent
1964 1535 132 92 déclare

253 1619 3 146 à
374 1614 510 180 l'unamimdte
1076 1627 305 172 l'accusé
1500 1637 75 172 est
1645 1644 318 175 coupable

194 2650 58 114 Sur
291 2662 98 105 quoi,
420 2662 25 106 et
477 2655 146 118 attendu
662 2670 49 105 les
743 2662 243 119 conclusions
1024 2680 116 105 prises
1177 2678 52 109 par
1266 2677 19 111 le
1323 2676 276 120 Commissaire
1637 2693 35 105 du
1718 2688 325 118 Gouvernement
2081 2695 84 114 dans
2202 2698 50 113 ses
2299 2703 268 116 réquisitions,
2597 2717 26 103 le
2662 2720 195 106 Président
2887 2731 3 96 a
2927 2730 27 98 lu
2992 2728 27 102 le
3056 2723 84 110 texte

143 2743 27 88 de
198 2744 22 88 la
248 2745 66 90 loi,
343 2748 172 92 recueilli
550 2753 33 89 de
619 2755 171 92 nouveau
826 2761 45 88 les
913 2763 65 89 voix
1026 2766 84 89 dans
1139 2769 21 87 la
1202 2771 115 89 forme
1359 2775 171 91 prescrite
1566 2781 58 87 par
1654 2783 45 87 les
1735 2785 146 90 articles
1923 2790 65 87 131
2030 2793 21 86 et
2093 2795 58 87 134
2206 2798 33 86 du
2287 2800 90 87 Code
2425 2803 27 86 de
2500 2805 127 89 justice
2682 2810 152 89 militaire
2877 2816 82 86 pour
3002 2819 145 88 l'appli-

141 2823 98 83 cation
280 2823 25 84 de
340 2823 19 85 la
400 2823 122 88 peine.

194 2899 31 81 Le
260 2894 141 90 Conseil
436 2891 38 95 est
509 2893 112 97 rentré
663 2894 31 98 en
736 2899 127 97 séance
905 2901 214 101 publique,
1147 2913 16 91 le
1205 2907 193 103 Président
1425 2927 2 83 a
1469 2926 24 86 lu
1535 2925 46 89 les
1631 2923 104 95 motifs
1777 2922 61 99 qui
1873 2921 200 106 précèdent
2107 2929 24 99 et
2159 2941 24 89 le
2217 2931 186 104 dispositif
2437 2951 222 91 ci-dessous.

191 2972 33 88 En
268 2973 278 93 conséquence,
577 2979 20 88 le
635 2980 149 91 Conseil
809 2984 53 88 (1)

965 2988 149 112 dennre
1190 3003 149 106 qu'il
1398 2996 193 123 résute
1667 3019 54 106 du
1762 3003 227 130 bulletin
2057 3018 45 109 n^o
2161 3015 2 107 2
2239 3033 193 110 arnexé
2499 3029 45 114 au
2586 3026 184 116 dossier
2837 3029 28 112 et
2924 3030 123 111 dont
3114 3037 72 119 les

148 3070 325 107 aronciation
569 3086 95 94 ont
716 3076 67 107 été
853 3104 304 107 recommil
1219 3096 202 116 exactes
1484 3109 83 112 par
1621 3093 221 126 l'accusé
1951 3131 83 95 que
2106 3103 19 113 le
2216 3120 184 106 soldat
2509 3109 421 129 Blanchard
3003 3130 1 103 a
3067 3122 65 110 été

148 3170 274 120 condamne
545 3174 19 101 le
633 3174 53 109 24
746 3180 196 121 octobre
1019 3192 107 112 1916
1239 3209 2 84 à
1327 3191 134 120 deux
1547 3203 107 111 ans
1724 3198 35 113 de
1856 3194 317 125 Travaux
2260 3198 265 123 publics
2630 3217 106 96 par
2789 3219 26 91 le
2894 3207 203 125 Conseil
3176 3207 44 110 de

150 3267 155 141 guerre
396 3273 32 120 de
498 3275 32 128 la
621 3272 123 126 125^e
845 3276 155 113 D.I.
1079 3296 125 125 pour
1315 3288 369 131 désertion,
1753 3315 94 115 que
1947 3290 33 126 le
2070 3288 349 148 jugement
2488 3311 63 112 est
2621 3291 257 134 définitif
2949 3306 41 111 et
3060 3303 155 136 qu'il
3274 3302 74 130 est

177 3395 70 105 des
316 3393 93 108 lors
471 3389 287 114 constant
843 3395 194 109 qu'il
1115 3408 0 96 a
1223 3393 225 113 déserte
1541 3399 620 110 antérieurement,
2230 3407 365 104 condamne
2726 3419 0 92 à
2819 3409 473 105 l'unanimité

166 3480 125 132 ledit
375 3481 455 132 Blanchard
952 3498 1 120 à
1028 3495 30 123 la
1142 3488 133 130 peine
1341 3495 38 123 de
1492 3492 172 126 Trois
1729 3523 114 95 ans
1909 3490 58 128 de
2051 3490 322 128 Travaux
2457 3498 323 120 publics,
2855 3531 114 87 aux
3044 3498 124 120 frais
3215 3514 152 104 envers

163 3589 194 120 l'Etat
434 3605 39 101 et
531 3591 107 136 fixe
725 3618 58 99 au
919 3618 338 111 minimum
1383 3593 39 127 la
1519 3598 145 120 durée
1751 3595 49 133 de
1916 3598 29 115 la
2003 3598 348 138 contrainte
2458 3598 97 138 par
2632 3595 155 141 corps
2855 3605 97 114 par
3039 3598 348 135 application

164 3714 71 105 des
288 3703 246 128 articles
605 3710 97 124 231
790 3709 176 118 232,
1028 3708 185 124 234,
1292 3715 70 119 139
1442 3703 52 117 du
1574 3703 105 124 Code
1750 3703 44 130 de
1864 3703 177 123 Justice
2164 3705 229 129 militaire
2499 3707 26 121 et
2587 3711 0 117 9
2648 3717 44 100 de
2754 3704 35 106 la
2877 3703 71 128 Loi
3001 3703 61 107 du
3133 3707 53 119 22

174 3800 169 140 Juillet
411 3800 131 140 1867

614 3888 23 153 Le
706 3888 266 168 Président
1029 3922 0 134 a
1099 3889 427 167 publiquement
1584 3890 184 150 donné
1849 3886 173 160 lecture
2092 3928 80 112 des
2219 3883 208 158 articles
2484 3907 289 139 susvises:
2831 3925 127 114 ceux
3027 3906 127 129 dont
3212 3892 34 138 la

160 3996 221 144 pénalité
467 4016 82 127 est
616 4006 338 145 appliquée
1091 4016 130 125 sont
1289 4016 169 120 ainsi
1527 4002 275 132 conçus:

178 4122 151 122 Art.
378 4120 101 126 232
548 4135 51 112 C.
658 4134 41 98 J.
738 4130 1 102 M
818 4147 1 85 -
928 4136 121 121 Tout
1138 4145 101 116 sout
1317 4127 172 145 officier
1547 4130 183 138 caporal
1818 4131 252 148 brigatier
2119 4148 51 107 ou
2219 4137 171 135 soldat
2459 4143 241 139 coupable
2779 4149 41 103 de
2878 4162 221 114 désertion
3189 4174 0 92 d

166 4215 329 127 l'intérieur
557 4236 45 86 en
698 4230 170 127 temps
911 4255 28 103 de
1000 4246 144 114 paix
1222 4232 73 119 est
1346 4261 161 102 puni
1595 4273 436 86 -.....-
2136 4245 38 127 et
2234 4246 38 124 de
2341 4247 143 118 deux
2554 4283 1 76 à
2625 4258 242 125 cinqand
2927 4258 46 98 de
3034 4258 241 128 Travaux

166 4323 200 115 publics
432 4332 37 107 si
526 4336 54 104 la
645 4340 293 102 désertion
1012 4352 3 90 a
1081 4337 52 106 eu
1200 4330 112 114 lieu
1405 4342 44 103 en
1524 4335 172 112 temps
1755 4344 35 103 de
1849 4339 163 110 guerre
2096 4339 44 110 ou
2199 4339 129 111 d'un
2387 4340 291 113 territoire
2745 4355 44 98 en
2848 4341 95 113 état
3001 4364 44 91 de
3104 4365 163 91 guerre
3317 4369 44 88 ou

175 4422 45 95 de
293 4421 129 102 siège
503 4443 2 82 -
620 4429 62 101 La
755 4425 137 111 peine
982 4454 44 86 ne
1091 4433 112 112 peut
1284 4438 70 111 être
1460 4447 212 111 moindre
1746 4467 36 94 de
1855 4447 135 121 trois
2040 4464 76 104 ant
2174 4451 580 119 d'emprisonnement
2813 4472 50 84 ou
2914 4458 42 98 de
3023 4465 243 93 Travaux

177 4508 242 137 publics,
466 4508 232 127 suivant
804 4519 63 121 les
904 4540 122 104 cas,
1103 4520 120 129 dans
1292 4532 61 121 les
1412 4531 389 128 circonstances
1880 4538 369 125 suivantes:
2288 4559 31 99 1^o
2387 4549 270 116 ----:
2716 4538 41 132 3^o
2816 4539 70 129 s'il
2925 4538 1 127 a
2975 4538 140 126 déserté
3154 4542 289 128 antériemenant

212 4640 143 108 Art.
420 4636 154 155 139.
606 4634 67 134 C.
716 4632 219 135 J.M.-
988 4638 35 154 Le
1087 4639 276 160 jugement
1426 4661 90 139 qui
1601 4653 275 148 prononce
1963 4664 89 141 une
2127 4664 144 144 peine
2347 4666 176 138 contre
2565 4664 232 125 l'accusé
2873 4658 33 113 le
2960 4663 307 131 condamne
3320 4697 89 98 aux

175 4721 114 143 frais
339 4758 186 109 enverr
616 4723 330 150 l'Etat,

207 4839 136 151 Art.
393 4862 2 128 9
487 4841 85 149 Loi
633 4858 64 135 du
768 4852 54 141 22
894 4845 199 146 juillet
1155 4845 188 131 1867.
1384 4872 1 104 -
1477 4870 53 106 La
1623 4865 116 111 drirée
1790 4854 32 122 de
1873 4852 22 132 la
1966 4858 273 140 contrainte
2310 4876 85 129 par
2467 4868 126 137 corps
2644 4882 63 112 est
2768 4862 148 142 régléé
2976 4899 126 113 ainsi
3164 4873 148 136 qu'il

166 4963 162 111 suit:
392 4963 38 111 de
506 4972 114 139 deux
702 5003 144 88 jours
928 5003 1 115 à
1010 4970 144 150 vingt
1215 4969 154 152 jours
1441 4969 226 152 lorsque
1739 4969 287 118 l'amente
2088 4971 31 110 et
2191 4973 51 143 les
2314 4973 154 139 autres
2540 4986 472 138 condamnations
3074 4980 308 139 n'excédent

322 5082 349 151 cinquante
744 5087 236 165 francs.

144 5697 30 59 (1)
198 5697 84 64 Avoir
306 5697 64 69 soin
400 5697 35 72 de
457 5697 163 81 spécifier,
654 5697 38 84 s'il
726 5697 2 84 y
755 5697 2 84 a
799 5697 80 85 lieu,
907 5697 87 85 après
1022 5697 203 86 t'indication
1253 5697 30 87 de
1311 5697 15 87 la
1361 5697 81 87 peine
1484 5697 138 88 infligée,
1650 5697 23 89 la
1715 5697 131 89 décision
1895 5697 109 90 motivée
2047 5697 30 90 du
2112 5697 123 91 Conseil
2263 5697 124 92 relative
2429 5697 1 92 à
2472 5697 23 92 ma
2530 5697 275 94 non-imputation
2840 5697 73 94 pour
2956 5697 66 95 tout
3057 5697 30 95 ou

107 5724 75 89 partie
205 5727 28 89 de
249 5728 27 91 la
306 5729 159 103 détention
494 5735 176 111 préventive
705 5743 44 106 sur
784 5745 23 103 la
842 5747 88 101 durée
965 5751 30 95 de
1023 5753 22 93 la
1080 5755 81 90 peine
1196 5759 192 85 prononcée.
