3781 6031
512.0 100.0 3101.0 127.0 La séance ayant été ouverte, le Président a fait apporter et déposer devant lui, sur le bureau, un exemplaire du Code de justice

455.0 207.0 3041.0 91.0 militaire, du Code d'instruction criminelle et du Code pénal ordinaire, et ordonné à la garde d'amener l'accusé, qui a

449.0 278.0 3197.0 130.0 été introduit, libre et sans fers, devant le Conseil, accompagné de son défenseur M^re Parisol. Officier d'Administration

439.0 375.0 764.0 140.0 de 3^e classe, désigné d'office

496.0 713.0 2963.0 158.0 Interrogé de ses nom, prénoms, âgé, lieu de naissance, état profession et domicile l'accusé

543.0 834.0 3077.0 134.0 a répondu se nommer Roumat, Clovis, Jean, agé de 25 ans, né à Labastide, Castel Amouroux

412.0 928.0 3184.0 164.0 arrondissement de Marmande, département du Lot-et.Garonne, marié, profession de serrvrier, domicilié

418.0 1042.0 3215.0 174.0 à Labastide- Castel Amouroux, arrondissement de Marmande, département du Lot. et- Garonne, actuelle

425.0 1165.0 2745.0 178.0 ment 2^e canonnier- servant réserviste du 82^e Régiment d'Artillerie lourde, 3^e Groupe, 5^e Batterie

475.0 1725.0 3114.0 134.0 Le Président, après avoir fait lire par le greffier l'ordre de convocation, le rapport prescrit par l'article 108 du Code de justice

415.0 1819.0 2947.0 114.0 militaire, et les pièces dont la lecture lui a paru nécessaire, a fait connaître a l'accusé les faits à raison desquels il est

418.0 1913.0 2689.0 93.0 poursuivi, et lui a donné, ainsi qu'au défenseur, l'avertissement indiqué en l'article 121 dudit Code;

475.0 1983.0 3111.0 101.0 Après quoi, il a procédé à l'interrogatoire de l'accusé et a fait entendre publiquement et séparément les témoins à charge (1)

921.0 2070.0 2658.0 94.0 ; lesdits témoins ayant au préalable prêté serment de parler sans haine et sans crainte, juré de dire toute la

415.0 2127.0 674.0 111.0 vérité et rien que la vérité;

465.0 2375.0 3121.0 134.0 Et le Président ayant, en outre, rempli à leur égard les formalités prescrites par les articles 317 et 319 du Code d'instruction

412.0 2452.0 298.0 117.0 criminelle;

489.0 2539.0 77.0 131.0 (2)

452.0 3079.0 3131.0 134.0 Ouï M. le Commissaire du Gouvernement en ses réquisitions tendant à ce que (3) le sus nommé soit déclaré coupable

402.0 3229.0 3050.0 168.0 de vol au préjudice de l'Etat et qu'il lui soit fait application de l'article 248 du Code de Justice

395.0 3353.0 335.0 141.0 militaire

388.0 3662.0 3195.0 124.0 et l'accusé dans ses moyens de défense, tant par lui que par son défenseur, lesquels ont

395.0 3749.0 3174.0 117.0 déclaré n'avoir rien à ajouter à leurs moyens de défense, et ont eu la parole les derniers, le Président a déclaré les débats terminés,

385.0 3839.0 1589.0 94.0 et il a ordonné au défenseur et a l'accusé de se retirer.

449.0 4070.0 3124.0 111.0 L'accusé a été reconduit par l'escorte à la prison; le Commissaire du Gouvernement, le Greffier et les assistants dans

385.0 4158.0 2698.0 110.0 l'auditoire se sont retirés sur l'invitation du Président (4); le Conseil s'est retiré dans la chambre des délibérations

439.0 4235.0 3134.0 114.0 Le Conseil délibérant à huis clos, le Président a posé la question, conformément à l'article 132 du Code de justice

385.0 4322.0 670.0 137.0 militaire, ainsi qu'il suit:

452.0 5106.0 637.0 50.0 (1) Et à décharge (s'il y en a).

459.0 5133.0 3094.0 107.0 (2) Indiquer si des témoins ont été entendus sans prestation de serment, et pour quel motif ; dire que les pièces de conviction, s'il y en a, ont été représentées.

412.0 5200.0 3144.0 110.0 Indiquer, en outre, ses incidents qui ont pu ce produire, en ayant soin de préciser à quel moment du débat ils ont en lieu, ses conclusions des parties, les

418.0 5263.0 3138.0 104.0 réquisitions du ministère public; les moyens de défense présentés par l'accusé, et enfin le jugement motivé du Conseil. Dans le cas où le blanc laisse ici ne suf-

405.0 5324.0 3138.0 113.0 firait pas pour insérer toutes ces mentions, on devra indiquer l'incident et le moment du débat il s'est produit, en ajoutant qu'il y a été statué par jugement

412.0 5397.0 3137.0 97.0 séparé, lequel est joint et annexé au présent, et alors le jugement séparé doit indiquer la publicité de l'audience, se terminer par la même formule et être signé

408.0 5458.0 3131.0 103.0 de la même manière que le jugement principal, en mentionnant qu'il y sera annexé comme en taisant partie. En cas de suspension d'audience et de remise au

418.0 5518.0 1985.0 100.0 lendemain, la mention qui constate cette remise est signée par le Président et le Greffier seulement.

455.0 5578.0 2729.0 107.0 (3) Indiquer si les réquisitions tendent à la déclaration de culpabilité et, dans ce cas, les articles de loi dont l'application est demandée.

455.0 5645.0 2323.0 111.0 (4) S'il y a une chambre des délibérations, on mettra que le Tribunal s'est retiré dans la chambre des délibérations.

646.0 5749.0 1536.0 97.0 Conseil de guerre. - N^o 967 de la Nomenclature générale. - Formule n^o 16
