3781 6031
492.0 127.0 2876.0 127.0 Enjoint au Commissaire du Gouvernement de faire donner immédiatement en sa présence lecture du présent jugement à

439.0 301.0 3097.0 114.0 de avertir que la loi accorde un délai de trois jours francs pour se pourvoir en cassation (1), ou de vingt-quatre heure

522.0 244.0 1515.0 94.0 l'acquitté devant la garde rassemblée sous les armes,

439.0 395.0 727.0 97.0 pour se pourvoir en revision (2)

475.0 526.0 2659.0 124.0 FAIT, clos et jugé sans désemparer, en séance publique, à Châlonsy merne, les jour, mois et an que dessus.

472.0 686.0 3104.0 108.0 En conséquence, LE PRÉSIDENT DE LA RÉPUBLIQUE MANDE et ORDONNE a tous huissiers sur ce requis de mettre ledit jugement à

422.0 763.0 3154.0 111.0 exécution; aux Procureurs généraux et aux Procureurs de la République près les tribunaux de première instance d'y tenir la

418.0 847.0 2830.0 111.0 main; à tous commandants et officiers de la force publique de prêter main-forte lorsqu'ils en seront légalement requis.

486.0 971.0 2215.0 127.0 En foi de quoi le présent jugement a été signé par les Membres du Conseil et par le Greffier.

465.0 1752.0 2910.0 110.0 L'an mil neuf cent seize, le dix sept Janvier le présent jugement a été lu par nous, Greffier soussigné, au soldat

482.0 1826.0 764.0 113.0 Bournat, sur-qualiféé

1468 1789 2126 140 averti par le Commissaire du Gouvernement que l'article 44 de la loi du 17 avril

462.0 1909.0 2802.0 104.0 906 accorde trois jours pour se pourvoir en cassation (1), ou que les articles 141 et 143 du Code de justice militaire

427 1960 3002 135 accordent vingt-quatre heures pour se pourvoir en revision (2), lesquels commencent à courir de l'expiration du présent jour.

3422.0 1966.0 147.0 128.0 Cette

418.0 2060.0 1512.0 94.0 lecture faite en présence de la garde rassemblée sous les armes.

1709.0 2643.0 617.0 161.0 EXÉCUTOIRE.

519.0 3002.0 791.0 117.0 du la procédure instruite contre le

422.0 3095.0 952.0 114.0 et les frais d'icelle dont le détail suit:

677.0 3223.0 2286.0 94.0 1^o Coût du transport des pièces et objets pouvant servie à conviction ou à décharge.................. ......

677.0 3290.0 2299.0 87.0 2^o Honoraires des officiers de santé, médecins, chirurgiens civils, sages-femmes, experts, interprètes, traducteurs et

760.0 3357.0 2206.0 80.0 autres, appelés en justice.................................................................

680.0 3420.0 2286.0 84.0 3^o Indemnités accordées aux témoins civils et militaires.............................................

680.0 3484.0 2286.0 84.0 4^o Frais de garde de scellés et ceux de mise en fourrière...........

683.0 3544.0 2286.0 88.0 5^o Indemnités de route, de transport et de séjour, accordées aux membres des tribunaux militaires pour les dépla-

767.0 3611.0 2206.0 101.0 cements auxquels l'instruction des procédures peut donner lieu, ainsi que toutes autres dépenses nécessitées

770.0 3668.0 2199.0 87.0 de ce chef......................................................

683.0 3739.0 2290.0 83.0 6^o Port des lettres et paquets pour l'instruction, sauf le port des lettres résultant de l'application de la loi du

767.0 3806.0 2196.0 80.0 15 juin 1899...........................

693.0 3869.0 2270.0 91.0 7^o Frais l'impression des arrêts, jugements et ordonnances de justice, quand il y a lieu..................

677.0 3936.0 2289.0 77.0 8^o Prime de capture des contumax, des déserteurs et des insoumis......................................

677.0 3997.0 2289.0 87.0 9^o Frais résultant de l'obtention des extraits du casier judiciaire........................................

656.0 4050.0 2310.0 104.0 10^o Prix du bulletin n^o 1 et du duplicata dudit (décret du 12 décembre 1899, art. 13).....................

653.0 4111.0 2330.0 107.0 11^o Coût des bulletins n^o 1 et du duplicata de ces bulletins établis par les greffiers des conseils de guerre au sujet

781.0 4188.0 2188.0 80.0 des condamnations prononcées par ces conseils (décret du 12 décembre 1899, art. 13)..................

653.0 4251.0 2504.0 91.0 12^o Frais de procédure ou coût du jugement........................................................ 12^f 00

660.0 4322.0 2313.0 73.0 13^o Amende..................................................................................

653.0 4369.0 2316.0 87.0 14^o Décimes additionnels (en France)....................................................

656.0 4442.0 2317.0 84.0 15^o Frais fixes de procédure devant la Cour de cassation ou le Conseil de revision...........................

653.0 4503.0 2316.0 90.0 16^o Frais fixes de procédure devant le Conseil de guerre jugeant en 2^e instance.............................

1478.0 4623.0 1501.0 97.0 TOTAL.....................................................

482.0 4781.0 3117.0 134.0 Vu le dispositif du jugement définitif, l'article 139 du Code de justice militaire, le Président du Conseil de guerre

452.0 4888.0 533.0 100.0 permanent de la

1143.0 4881.0 1608.0 118.0 liquide les frais dont l'état est ci-dessus à la somme de

1575.0 4965.0 2024.0 87.0 du montant de laquelle il délivre le présent exécutoire, pour le recouvrement de

429.0 5042.0 3073.0 84.0 ladite somme être poursuivi sur les biens présents et à venir d condamné, par les percepteurs des Contributions directes.

482.0 5119.0 3114.0 87.0 En conséquence, LE PRÉSIDENT DE LA RÉPUBLIQUE MANDE ET ORDONNE a tous huissiers sur ce requis de mettre ledit jugement à

432.0 5193.0 3164.0 100.0 exécution; aux Procureurs généraux et aux Procureurs de la République près les tribunaux de première instance d'y tenir la

435.0 5273.0 2843.0 101.0 main; à tous commandants et officiers de la force publique de prêter main-forte lorsqu'ils en seront légalement requis.

492.0 5354.0 1338.0 100.0 Fait en la Chambre du Conseil de guerre susdit, à

2229.0 5360.0 251.0 198.0 e

486.0 5642.0 834.0 84.0 (1) En France, en Algérie et en Tunisie.

496.0 5699.0 647.0 104.0 (2) Aux colonies et aux armées.

378.0 1139.0 325.0 305.0 +

734.0 1152.0 828.0 315.0 +

1216 1362 453 331 107

1722.0 1306.0 480.0 295.0 +

2257 1226 654 417 +

2758.0 1403.0 473.0 285.0 A.Matteue

1139.0 2174.0 791.0 104.0 Le Commissaire du Gouvernement,

2694.0 2174.0 252.0 101.0 Le Greffier,

1240.0 2261.0 559.0 238.0 +

2617.0 2278.0 450.0 285.0 +

2443.0 5464.0 329.0 131.0 Le Président,
