3630 6123
517.0 299.0 2881.0 136.0 Enjoint au Commissaire du Gouvernement de faire donner immédiatement en sa présence lecture du présent jugement au

544.0 411.0 1476.0 89.0 condamné devant la garde rassemblée sous les armes,

1207.0 449.0 2293.0 132.0 accorde un délai de trois jours francs pour se pourvoir en cassation (1), ou de vingt-quatre heure

500.0 503.0 57.0 78.0 e

656.0 483.0 398.0 98.0 avertir que la loi

479.0 554.0 701.0 122.0 pour se pourvoir en revision (2)

510.0 673.0 2599.0 157.0 Fair, clos et jugé sans désemparer, en séance publique, à Bar-l-Oue, les jour, mois et an que dessus.

517.0 836.0 3007.0 130.0 En conséquence, LE PRÉSIDENT DE LA RÉPUBLIQUE MANDE et ORDONNE à tous huissiers sur ce requis de mettre ledit jugement à

455.0 915.0 3066.0 129.0 exécution; aux Procureurs généraux et aux Procureurs de la République près les tribunaux de première instance d'y tenir la

462.0 986.0 2749.0 143.0 main; à tous commandants et officiers de la force publique de prêter main-forte lorsqu'ils en seront légalement requis.

513.0 1877.0 2929.0 123.0 L'an mil neuf centdix sept le dix mard le présent jugement à été lu par nous, Greffier soussigné, au condamné

1544.0 1966.0 1963.0 98.0 averti par le Commissaire du Gouvernement que l'article 44 de la loi du 17 avril

506.0 1962.0 592.0 119.0 Blanchard

459.0 2041.0 2766.0 98.0 1906, accorde trois jours pour se pourvoir en cassation (1), ou que les articles 141 et 143 du Code de justice militaire

452.0 2115.0 3041.0 99.0 accordent vingt-quatre heures pour se pourvoir en revision (2), lesquels commencent à courir de l'expiration du présent jour. Ceti

455.0 2187.0 1467.0 126.0 lecture faite en présence de la garde rassemblée sous les armes.

455.0 2741.0 657.0 55.0 +) eovood

391.0 2762.0 677.0 173.0 du 23 Janvier 1915

1654 2765 628 214 EXÉCUTOIRE.

1942.0 2871.0 24.0 44.0 +

506.0 3024.0 2140.0 204.0 Vu la procédure instruite contre le soldat Blanchard

449.0 3211.0 891.0 129.0 et les frais d'icelle dont le détail suit:

700.0 3323.0 2229.0 105.0 1^o Coût du transport des pièces et objets pouvant servie à conviction ou à décharge................. ......

700.0 3411.0 2239.0 92.0 2^o Honoraires des officiers de santé, médecins, chirurgiens civils, sages-femmes, experts, interprètes, traducteurs et

789.0 3476.0 2140.0 75.0 autres, appelés en justice..................................................................

700.0 3527.0 2225.0 85.0 3^o Indemnités accordées aux témoins civils et militaires..............................................

697.0 3592.0 2235.0 92.0 4^o Frais de garde de scellés et ceux de mise en fourrière.............................................

700.0 3656.0 2225.0 89.0 5^o Indemnités de route, de transport et de séjour, accordées aux membres des tribunaux militaires pour les dépla-

792.0 3718.0 2143.0 85.0 cements auxquels l'instruction des procédures peut donner lieu, ainsi que toutes autres dépenses nécessitées

799.0 3779.0 2130.0 81.0 de ce chef..............................................................................

711.0 3840.0 2224.0 95.0 6^o Port des lettres et paquets pour l'instruction, sauf le port des lettres résultant de l'application de la loi du

799.0 3908.0 2130.0 88.0 15 juin 1899............................................................................

711.0 3962.0 2214.0 92.0 7^o Frais l'impression des arrêts, jugements et ordonnances de justice, quand il y a lieu..................

711.0 4027.0 2218.0 92.0 8^o Prime de capture des contumax, des déserteurs et des insoumis......................................

721.0 4085.0 2412.0 109.0 9^o Frais résultant de l'obtention des extraits du casier judiciaire......................................... 0.25

680.0 4153.0 2249.0 85.0 10^o Prix du bulletin n^o 1 et du duplicata dudit (décret du 12 décembre 1899, art. 13).....................

694.0 4211.0 2245.0 98.0 11^o Coût des bulletins n^o 1 et du duplicata de ces bulletins établis par les greffiers des conseils de guerre au sujet

816.0 4275.0 2296.0 102.0 des condamnations prononcées par ces conseils (décret du 12 décembre 1899, art. 13).................. 0.55

694.0 4340.0 2412.0 105.0 12^o Frais de procédure ou coût du jugement........................................................ 12^f 00

690.0 4398.0 2239.0 102.0 13^o Amende...................................................................................

687.0 4469.0 2245.0 92.0 14^o Décimes additionnels (en France)..............................................................

687.0 4520.0 2238.0 102.0 15^o Frais fixes de procédure devant la Cour de cassation ou le Conseil de revision...........................

690.0 4592.0 2235.0 95.0 16^o Frais fixes de procédure devant le Conseil de guerre jugeant en 2^e instance.............................

1496.0 4697.0 1650.0 133.0 TOTAL..................................................... 12. 80

520.0 4864.0 2984.0 136.0 Vu le dispositif du jugement définitif, l'article 139 du Code de justice militaire, le Président du- Conseil de guerre

486.0 4956.0 3024.0 122.0 permanent de la du Q. G. 2e Armée liquide les frais dont l'état est ci-dessus à la somme de Douze francs quatre-

496.0 5041.0 3004.0 109.0 vingts Centimes - du montant de laquelle il délivre le présent exécutoire, pour le recouvrement de

462.0 5105.0 2967.0 123.0 ladite Somme être poursuivi sur les biens présents et à venir du condamné, par les percepteurs des Contributions directes.

517.0 5184.0 2980.0 119.0 En conséquence, LE PRÉSIDENT DE LA RÉPUBLIQUE MANDE ET ORDONNE a tous huissiers sur ce requis de mettre ledit jugement à

466.0 5272.0 3034.0 109.0 exécution; aux Procureurs généraux et aux Procureurs de la République près les tribunaux de première instance d'y tenir la

462.0 5340.0 2766.0 116.0 main; à tous commandants et officiers de la force publique de prêter main-forte lorsqu'ils en seront légalement requis.

513.0 5401.0 2511.0 140.0 Fait en la Chambre du Conseil de guerre susdit, à Bas le Ouc, le 10 mars 1917

517.0 5701.0 782.0 81.0 (1) En France, en Algérie et en Tunisie

520.0 5762.0 619.0 95.0 (2) Aux colonies et aux armées.

537.0 1153.0 2137.0 105.0 En foi de quoi le présent jugement a été signé par les Membres du Conseil et par le Greffier.

2340.0 1296.0 136.0 125.0 +

3126.0 1255.0 306.0 163.0 +e

1255.0 1432.0 146.0 221.0 +

2364.0 1540.0 153.0 174.0 +

3051.0 1660.0 85.0 136.0 +

2660.0 2316.0 238.0 119.0 Le Greffier,

1153.0 2313.0 765.0 112.0 Le Commissaire du Gouvernement,

2452.0 5558.0 290.0 115.0 Le Président;

3163.0 5636.0 269.0 153.0 +
